
<record>
  <leader>02618cam a2200469 i 4500</leader>
  <controlfield tag="001">20788013</controlfield>
  <controlfield tag="005">20200103114100.0</controlfield>
  <controlfield tag="008">181220m20189999gw       b    001 0 ger  </controlfield>
  <datafield tag="906" ind1=" " ind2=" ">
    <subfield code="a">7</subfield>
    <subfield code="b">cbc</subfield>
    <subfield code="c">origres</subfield>
    <subfield code="d">3</subfield>
    <subfield code="e">ncip</subfield>
    <subfield code="f">20</subfield>
    <subfield code="g">y-gencatlg</subfield>
  </datafield>
  <datafield tag="925" ind1="0" ind2=" ">
    <subfield code="a">acquire</subfield>
    <subfield code="b">Copy 1 = LL GLOBAL</subfield>
    <subfield code="x">JEG</subfield>
  </datafield>
  <datafield tag="955" ind1=" " ind2=" ">
    <subfield code="b">fd10 2018-12-20 z-processor</subfield>
    <subfield code="i">xg06 2018-12-21</subfield>
    <subfield code="e">xg06 2018-12-21 to LL GLOBAL</subfield>
    <subfield code="c">xg06 2019-02-15 add. v. 2 to LL GLOBAL</subfield>
    <subfield code="c">xg06 2019-03-07 add. v. 3 to LL GLOBAL</subfield>
    <subfield code="a">fd10 2019-07-17 v. 4</subfield>
    <subfield code="c">xg11 2019-07-30, v. 4 added sent to LL GLOBAL</subfield>
    <subfield code="c">xg06 2020-01-03 add. v. 9, 11  to LL GLOBAL</subfield>
  </datafield>
  <datafield tag="010" ind1=" " ind2=" ">
    <subfield code="a">  2018448115</subfield>
  </datafield>
  <datafield tag="020" ind1=" " ind2=" ">
    <subfield code="a">9783406726002 (Gesamtwerk)</subfield>
  </datafield>
  <datafield tag="020" ind1=" " ind2=" ">
    <subfield code="a">3406726003</subfield>
  </datafield>
  <datafield tag="020" ind1=" " ind2=" ">
    <subfield code="a">9783406726019 (Band 1)</subfield>
  </datafield>
  <datafield tag="020" ind1=" " ind2=" ">
    <subfield code="a">9783406726026 (Band 2)</subfield>
  </datafield>
  <datafield tag="020" ind1=" " ind2=" ">
    <subfield code="a">9783406726033 (Band 3)</subfield>
  </datafield>
  <datafield tag="020" ind1=" " ind2=" ">
    <subfield code="a">9783406726040 (Band 4)</subfield>
  </datafield>
  <datafield tag="020" ind1=" " ind2=" ">
    <subfield code="a">9783406726095 (Band 9)</subfield>
  </datafield>
  <datafield tag="020" ind1=" " ind2=" ">
    <subfield code="a">9783406726118 (Band 11)</subfield>
  </datafield>
  <datafield tag="020" ind1=" " ind2=" ">
    <subfield code="a">3406726011</subfield>
  </datafield>
  <datafield tag="040" ind1=" " ind2=" ">
    <subfield code="a">DLC</subfield>
    <subfield code="b">eng</subfield>
    <subfield code="e">rda</subfield>
    <subfield code="c">DLC</subfield>
  </datafield>
  <datafield tag="042" ind1=" " ind2=" ">
    <subfield code="a">pcc</subfield>
  </datafield>
  <datafield tag="043" ind1=" " ind2=" ">
    <subfield code="a">e-gx---</subfield>
  </datafield>
  <datafield tag="050" ind1="0" ind2="0">
    <subfield code="a">KK985.51896.A6</subfield>
    <subfield code="b">M86 2018</subfield>
  </datafield>
  <datafield tag="245" ind1="0" ind2="0">
    <subfield code="a">Münchener Kommentar zum Bürgerlichen Gesetzbuch /</subfield>
    <subfield code="c">Herausgegeben von Dr. Dr. Dres. h.c. Franz Jürgen Säcker, Professor an der Freien Universität Berlin, Dr. Roland Rixecker, Präsident des Saarländischen Oberlandesgerichts, Honorarprofessor an der Universität des Saarlandes, Dr. Hartmut Oetker, Professor an der Universität Kiel, Richter am Oberlandesgericht Jena, Bettina Limperg, Präsident des Bundesgerichtshofs, Karlsruhe.</subfield>
  </datafield>
  <datafield tag="246" ind1="1" ind2="4">
    <subfield code="a">Münchener Kommentar Bürgerliches Gesetzbuch</subfield>
  </datafield>
  <datafield tag="246" ind1="1" ind2="8">
    <subfield code="a">Münchener Kommentar BGB</subfield>
  </datafield>
  <datafield tag="250" ind1=" " ind2=" ">
    <subfield code="a">8. Auflage.</subfield>
  </datafield>
  <datafield tag="264" ind1=" " ind2="1">
    <subfield code="a">München :</subfield>
    <subfield code="b">C.H. Beck</subfield>
    <subfield code="c">2018-&lt;2020&gt;</subfield>
  </datafield>
  <datafield tag="300" ind1=" " ind2=" ">
    <subfield code="a">volume &lt;1-4, 9, 11&gt; ;</subfield>
    <subfield code="c">25 cm</subfield>
  </datafield>
  <datafield tag="336" ind1=" " ind2=" ">
    <subfield code="a">text</subfield>
    <subfield code="b">txt</subfield>
    <subfield code="2">rdacontent</subfield>
  </datafield>
  <datafield tag="337" ind1=" " ind2=" ">
    <subfield code="a">unmediated</subfield>
    <subfield code="b">n</subfield>
    <subfield code="2">rdamedia</subfield>
  </datafield>
  <datafield tag="338" ind1=" " ind2=" ">
    <subfield code="a">volume</subfield>
    <subfield code="b">nc</subfield>
    <subfield code="2">rdacarrier</subfield>
  </datafield>
  <datafield tag="504" ind1=" " ind2=" ">
    <subfield code="a">Includes bibliographical references and index.</subfield>
  </datafield>
  <datafield tag="505" ind1="1" ind2=" ">
    <subfield code="g">Band 1. Allgemeiner Teil [Paragraphen] 1-240, AllgPersönlR, ProstG, AGG -- Band 2. Schuldrecht, Allgemeiner Teil 1 -- Band 3. Schuldrecht, Allgemeiner Teil 2 -- Band 4. Schuldrecht - Besonderer Teil I, Paragraphen 433-534, Finanzierungsleasing, CISG -- Band 9. Familienrecht I [Paragraphen] 1297-1588, Versogrungsausgleichsgesetz, Gewaltschutzgesetz, Lebenspartnerschaftsgesetz -- Band 11. Erbrecht [Paragraphen] 1922-2385, [Paragraphen] 27-35 BeurkG</subfield>
  </datafield>
  <datafield tag="650" ind1=" " ind2="0">
    <subfield code="a">Civil law</subfield>
    <subfield code="z">Germany.</subfield>
  </datafield>
  <datafield tag="700" ind1="1" ind2=" ">
    <subfield code="a">Säcker, Franz-Jürgen,</subfield>
    <subfield code="d">1941-,</subfield>
    <subfield code="e">editor.</subfield>
  </datafield>
  <datafield tag="700" ind1="1" ind2=" ">
    <subfield code="a">Rixecker, Roland,</subfield>
    <subfield code="e">editor.</subfield>
  </datafield>
  <datafield tag="700" ind1="1" ind2=" ">
    <subfield code="a">Oetker, Hartmut,</subfield>
    <subfield code="d">1959-,</subfield>
    <subfield code="e">editor.</subfield>
  </datafield>
  <datafield tag="700" ind1="1" ind2=" ">
    <subfield code="a">Limperg, Bettina,</subfield>
    <subfield code="e">editor.</subfield>
  </datafield>
  <datafield tag="923" ind1=" " ind2=" ">
    <subfield code="d">20181129</subfield>
    <subfield code="n">186164</subfield>
    <subfield code="s">93001286</subfield>
  </datafield>
</record>