
<record>
  <leader>02982cam a2200337 i 4500</leader>
  <controlfield tag="001">20796660</controlfield>
  <controlfield tag="005">20200103084633.0</controlfield>
  <controlfield tag="008">181128s2019    nyu      b    000 0 eng c</controlfield>
  <datafield tag="906" ind1=" " ind2=" ">
    <subfield code="a">7</subfield>
    <subfield code="b">cbc</subfield>
    <subfield code="c">orignew</subfield>
    <subfield code="d">1</subfield>
    <subfield code="e">ecip</subfield>
    <subfield code="f">20</subfield>
    <subfield code="g">y-gencatlg</subfield>
  </datafield>
  <datafield tag="925" ind1="0" ind2=" ">
    <subfield code="a">acquire</subfield>
    <subfield code="b">1 shelf copy</subfield>
    <subfield code="x">policy default</subfield>
  </datafield>
  <datafield tag="955" ind1=" " ind2=" ">
    <subfield code="a">LBSOR</subfield>
    <subfield code="e">rk21 2019-01-04 to Dewey</subfield>
    <subfield code="w">xm07 2019-01-07</subfield>
    <subfield code="a">xn17 2019-10-18 1 copy rec&apos;d., to CIP ver.</subfield>
    <subfield code="f">rk06 2020-01-03 telework to BCCD</subfield>
  </datafield>
  <datafield tag="010" ind1=" " ind2=" ">
    <subfield code="a">  2018055701</subfield>
  </datafield>
  <datafield tag="020" ind1=" " ind2=" ">
    <subfield code="a">9781640651487 (pbk.)</subfield>
  </datafield>
  <datafield tag="020" ind1=" " ind2=" ">
    <subfield code="z">9781640651494 (ebk.)</subfield>
  </datafield>
  <datafield tag="040" ind1=" " ind2=" ">
    <subfield code="a">LBSOR/DLC</subfield>
    <subfield code="b">eng</subfield>
    <subfield code="c">LBSOR</subfield>
    <subfield code="e">rda</subfield>
    <subfield code="d">DLC</subfield>
  </datafield>
  <datafield tag="042" ind1=" " ind2=" ">
    <subfield code="a">pcc</subfield>
  </datafield>
  <datafield tag="050" ind1="0" ind2="0">
    <subfield code="a">BR115.N87</subfield>
    <subfield code="b">T38 2019</subfield>
  </datafield>
  <datafield tag="082" ind1="0" ind2="0">
    <subfield code="a">248.4</subfield>
    <subfield code="2">23</subfield>
  </datafield>
  <datafield tag="100" ind1="1" ind2=" ">
    <subfield code="a">Tatarnic, Martha,</subfield>
    <subfield code="e">author.</subfield>
  </datafield>
  <datafield tag="245" ind1="1" ind2="4">
    <subfield code="a">The living diet :</subfield>
    <subfield code="b">a Christian journey to joyful eating /</subfield>
    <subfield code="c">Martha Tatarnic.</subfield>
  </datafield>
  <datafield tag="264" ind1=" " ind2="1">
    <subfield code="a">New York, NY :</subfield>
    <subfield code="b">Church Publishing Incorporated,</subfield>
    <subfield code="c">[2019]</subfield>
  </datafield>
  <datafield tag="300" ind1=" " ind2=" ">
    <subfield code="a">viii, 200 pages ;</subfield>
    <subfield code="c">22 cm</subfield>
  </datafield>
  <datafield tag="336" ind1=" " ind2=" ">
    <subfield code="a">text</subfield>
    <subfield code="2">rdacontent</subfield>
  </datafield>
  <datafield tag="337" ind1=" " ind2=" ">
    <subfield code="a">unmediated</subfield>
    <subfield code="2">rdamedia</subfield>
  </datafield>
  <datafield tag="338" ind1=" " ind2=" ">
    <subfield code="a">volume</subfield>
    <subfield code="2">rdacarrier</subfield>
  </datafield>
  <datafield tag="504" ind1=" " ind2=" ">
    <subfield code="a">Includes bibliographic references.</subfield>
  </datafield>
  <datafield tag="520" ind1=" " ind2=" ">
    <subfield code="a">&quot;The Living Diet: A Christian approach to food and diet - Combines personal, communal, and theological perspectives on eating and body image Food: can&apos;t live with it or without it. We are bombarded with messages that the secret to health and weight loss can be unlocked with the right product or magic discipline, but we are getting neither thinner nor happier. Reports suggest that we are losing our battle with obesity, while the anxiety people experience in relationship with food increases. We are taught that bodies are fundamentally a problem to be solved, or worse, a war to be won, while a misguided worldview suggests that our food choices are of concern to us alone; an individual act of pleasure or consequences. Few resources speak to our food problem from a distinctly Christian perspective. Drawing on a rich assemblage of personal and collected stories grounded in the teachings of Jesus, The Living Diet offers a joyful alternative to the desperation and dissatisfaction that have become cultural norms for both eating and body image, inviting us to consider our choices in the context of community. Ancient wisdom yields a surprisingly modern response to the dieting dilemma, as well as to the realm of public, or popular, theology, helping the reader discover the real joy of eating and the true gift of embodied living&quot;--</subfield>
    <subfield code="c">Provided by publisher.</subfield>
  </datafield>
  <datafield tag="505" ind1="0" ind2=" ">
    <subfield code="a">The dangling carrot -- At war with our bodies -- Holding his feet -- Born hungry -- Feeding the emptiness -- I am bread -- Habits &amp; healing -- You are how you eat -- Becoming real -- Gratitude--a eucharistic life -- I don&apos;t know I&apos;m hungry -- Food is personal -- Lord of the feast -- Fasting: food as compassion -- Run for life -- Body language -- What do we want? Everything! -- Clay jars -- A theology of cake.</subfield>
  </datafield>
  <datafield tag="650" ind1=" " ind2="0">
    <subfield code="a">Food</subfield>
    <subfield code="x">Religious aspects</subfield>
    <subfield code="x">Christianity.</subfield>
  </datafield>
  <datafield tag="650" ind1=" " ind2="0">
    <subfield code="a">Nutrition</subfield>
    <subfield code="x">Religious aspects</subfield>
    <subfield code="x">Christianity.</subfield>
  </datafield>
  <datafield tag="985" ind1=" " ind2=" ">
    <subfield code="a">LBSORCIP</subfield>
    <subfield code="d">2019-01-03</subfield>
  </datafield>
</record>