
<record>
  <leader>03067cam a2200517 i 4500</leader>
  <controlfield tag="001">20802937</controlfield>
  <controlfield tag="005">20200103173406.0</controlfield>
  <controlfield tag="008">190107t20192019paua     b    001 0deng d</controlfield>
  <datafield tag="906" ind1=" " ind2=" ">
    <subfield code="a">7</subfield>
    <subfield code="b">cbc</subfield>
    <subfield code="c">copycat</subfield>
    <subfield code="d">2</subfield>
    <subfield code="e">epcn</subfield>
    <subfield code="f">20</subfield>
    <subfield code="g">y-gencatlg</subfield>
  </datafield>
  <datafield tag="925" ind1="0" ind2=" ">
    <subfield code="a">Acquire</subfield>
    <subfield code="b">1 shelf copy</subfield>
    <subfield code="x">policy default</subfield>
  </datafield>
  <datafield tag="955" ind1=" " ind2=" ">
    <subfield code="a">pc16 2019-01-07</subfield>
    <subfield code="a">xn11 2019-10-17 1 copy rec&apos;d., to USPRLL</subfield>
    <subfield code="b">xk15 2019-10-17 z-processor</subfield>
    <subfield code="a">HAND CARRY X COPIES/CIP COPY/LP COPY/ANY COPIES NEEDED FOR CONGRESSIONAL LOAN; DO NOT DISCARD; PLS CONTACT/scar, x7717 2019-11-4</subfield>
    <subfield code="i">xk06 2020-01-03 to LOAN</subfield>
  </datafield>
  <datafield tag="010" ind1=" " ind2=" ">
    <subfield code="a">  2019930321</subfield>
  </datafield>
  <datafield tag="015" ind1=" " ind2=" ">
    <subfield code="a">GBB9E3040</subfield>
    <subfield code="2">bnb</subfield>
  </datafield>
  <datafield tag="016" ind1="7" ind2=" ">
    <subfield code="a">019512427</subfield>
    <subfield code="2">Uk</subfield>
  </datafield>
  <datafield tag="020" ind1=" " ind2=" ">
    <subfield code="a">9781683691389</subfield>
    <subfield code="q">(hardcover)</subfield>
  </datafield>
  <datafield tag="020" ind1=" " ind2=" ">
    <subfield code="a">1683691385</subfield>
    <subfield code="q">(hardcover)</subfield>
  </datafield>
  <datafield tag="035" ind1=" " ind2=" ">
    <subfield code="a">(OCoLC)on1117498353</subfield>
  </datafield>
  <datafield tag="040" ind1=" " ind2=" ">
    <subfield code="a">NjBwBT</subfield>
    <subfield code="b">eng</subfield>
    <subfield code="c">GRA</subfield>
    <subfield code="e">rda</subfield>
    <subfield code="d">OCLCO</subfield>
    <subfield code="d">A7U</subfield>
    <subfield code="d">YDX</subfield>
    <subfield code="d">ATNSH</subfield>
    <subfield code="d">WZW</subfield>
    <subfield code="d">UKMGB</subfield>
    <subfield code="d">IH9</subfield>
    <subfield code="d">PHA</subfield>
    <subfield code="d">HF9</subfield>
    <subfield code="d">OCLCF</subfield>
    <subfield code="d">ZGR</subfield>
    <subfield code="d">DLC</subfield>
  </datafield>
  <datafield tag="042" ind1=" " ind2=" ">
    <subfield code="a">lccopycat</subfield>
  </datafield>
  <datafield tag="050" ind1="0" ind2="0">
    <subfield code="a">PN56.H6</subfield>
    <subfield code="b">K76 2019</subfield>
  </datafield>
  <datafield tag="082" ind1="0" ind2="4">
    <subfield code="a">809/.9164</subfield>
    <subfield code="2">23</subfield>
  </datafield>
  <datafield tag="100" ind1="1" ind2=" ">
    <subfield code="a">Kröger, Lisa,</subfield>
    <subfield code="e">author.</subfield>
  </datafield>
  <datafield tag="245" ind1="1" ind2="0">
    <subfield code="a">Monster, she wrote :</subfield>
    <subfield code="b">the women who pioneered horror &amp; speculative fiction /</subfield>
    <subfield code="c">Lisa Kröger and Melanie R. Anderson.</subfield>
  </datafield>
  <datafield tag="246" ind1="3" ind2="0">
    <subfield code="a">Women who pioneered horror &amp; speculative fiction</subfield>
  </datafield>
  <datafield tag="246" ind1="3" ind2=" ">
    <subfield code="a">Women who pioneered horror and speculative fiction</subfield>
  </datafield>
  <datafield tag="264" ind1=" " ind2="1">
    <subfield code="a">Philadelphia :</subfield>
    <subfield code="b">Quirk Books,</subfield>
    <subfield code="c">[2019]</subfield>
  </datafield>
  <datafield tag="264" ind1=" " ind2="4">
    <subfield code="c">©2019</subfield>
  </datafield>
  <datafield tag="300" ind1=" " ind2=" ">
    <subfield code="a">319 pages :</subfield>
    <subfield code="b">illustrations (some color) ;</subfield>
    <subfield code="c">22 cm</subfield>
  </datafield>
  <datafield tag="336" ind1=" " ind2=" ">
    <subfield code="a">text</subfield>
    <subfield code="b">txt</subfield>
    <subfield code="2">rdacontent</subfield>
  </datafield>
  <datafield tag="336" ind1=" " ind2=" ">
    <subfield code="a">still image</subfield>
    <subfield code="b">sti</subfield>
    <subfield code="2">rdacontent</subfield>
  </datafield>
  <datafield tag="337" ind1=" " ind2=" ">
    <subfield code="a">unmediated</subfield>
    <subfield code="b">n</subfield>
    <subfield code="2">rdamedia</subfield>
  </datafield>
  <datafield tag="338" ind1=" " ind2=" ">
    <subfield code="a">volume</subfield>
    <subfield code="b">nc</subfield>
    <subfield code="2">rdacarrier</subfield>
  </datafield>
  <datafield tag="504" ind1=" " ind2=" ">
    <subfield code="a">Includes bibliographical references (pages 296-310) and indexes.</subfield>
  </datafield>
  <datafield tag="505" ind1="0" ind2=" ">
    <subfield code="a">The Founding Mothers -- Haunting Tales -- Cult of the Occult -- The Women Who Wrote the Pulps -- Haunting the Home -- Paperback Horror -- The New Goths -- The Future of Horror and Speculative Fiction.</subfield>
  </datafield>
  <datafield tag="520" ind1=" " ind2=" ">
    <subfield code="a">Weird fiction wouldn&apos;t exist without the women who created it. Meet the female authors who defied convention to craft some of literature&apos;s strangest tales. And find out why their own stories are equally intriguing. Monster, She Wrote shares the stories of women past and present who invented horror, speculative, and weird fiction and made it great. You&apos;ll meet celebrated icons (Ann Radcliffe, V.C. Andrews), forgotten wordsmiths (Eli Coltor, Ruby Jean Jensen), and today&apos;s vanguard (Helen Oyeyemi). And each profile includes a curated reading list so you can seek out the spine-chilling tales that interest you the most.</subfield>
  </datafield>
  <datafield tag="650" ind1=" " ind2="0">
    <subfield code="a">Horror in literature.</subfield>
  </datafield>
  <datafield tag="650" ind1=" " ind2="0">
    <subfield code="a">Women authors.</subfield>
  </datafield>
  <datafield tag="650" ind1=" " ind2="0">
    <subfield code="a">Horror tales, English</subfield>
    <subfield code="x">History and criticism.</subfield>
  </datafield>
  <datafield tag="650" ind1=" " ind2="0">
    <subfield code="a">Horror tales, American</subfield>
    <subfield code="x">History and criticism.</subfield>
  </datafield>
  <datafield tag="650" ind1=" " ind2="0">
    <subfield code="a">Women authors</subfield>
    <subfield code="x">History and criticism.</subfield>
  </datafield>
  <datafield tag="650" ind1=" " ind2="7">
    <subfield code="a">Horror in literature.</subfield>
    <subfield code="2">fast</subfield>
    <subfield code="0">(OCoLC)fst00960376</subfield>
  </datafield>
  <datafield tag="650" ind1=" " ind2="7">
    <subfield code="a">Horror tales, American.</subfield>
    <subfield code="2">fast</subfield>
    <subfield code="0">(OCoLC)fst00960399</subfield>
  </datafield>
  <datafield tag="650" ind1=" " ind2="7">
    <subfield code="a">Horror tales, English.</subfield>
    <subfield code="2">fast</subfield>
    <subfield code="0">(OCoLC)fst00960411</subfield>
  </datafield>
  <datafield tag="650" ind1=" " ind2="7">
    <subfield code="a">Women authors.</subfield>
    <subfield code="2">fast</subfield>
    <subfield code="0">(OCoLC)fst01177198</subfield>
  </datafield>
  <datafield tag="655" ind1=" " ind2="7">
    <subfield code="a">Criticism, interpretation, etc.</subfield>
    <subfield code="2">fast</subfield>
    <subfield code="0">(OCoLC)fst01411635</subfield>
  </datafield>
  <datafield tag="700" ind1="1" ind2=" ">
    <subfield code="a">Anderson, Melanie,</subfield>
    <subfield code="e">author.</subfield>
  </datafield>
</record>