
<record>
  <leader>02619cam a2200337 i 4500</leader>
  <controlfield tag="001">20804654</controlfield>
  <controlfield tag="005">20200103160141.0</controlfield>
  <controlfield tag="008">181113s2019    mau      b    001 0 eng c</controlfield>
  <datafield tag="906" ind1=" " ind2=" ">
    <subfield code="a">7</subfield>
    <subfield code="b">cbc</subfield>
    <subfield code="c">orignew</subfield>
    <subfield code="d">1</subfield>
    <subfield code="e">ecip</subfield>
    <subfield code="f">20</subfield>
    <subfield code="g">y-gencatlg</subfield>
  </datafield>
  <datafield tag="925" ind1="0" ind2=" ">
    <subfield code="a">acquire</subfield>
    <subfield code="b">1 shelf copy</subfield>
    <subfield code="x">policy default</subfield>
  </datafield>
  <datafield tag="955" ind1=" " ind2=" ">
    <subfield code="a">MH</subfield>
    <subfield code="e">rl02 2019-01-11 to Dewey</subfield>
    <subfield code="w">xm10 2019-01-11</subfield>
    <subfield code="a">xn11 2019-11-07 1 copy rec&apos;d., to CIP ver.</subfield>
    <subfield code="a">rl00 2019-11-20 to SMA</subfield>
    <subfield code="a">rl46 2019-11-20</subfield>
    <subfield code="f">rl46 2020-01-03 (telework) to CALM</subfield>
  </datafield>
  <datafield tag="010" ind1=" " ind2=" ">
    <subfield code="a">  2018049644</subfield>
  </datafield>
  <datafield tag="020" ind1=" " ind2=" ">
    <subfield code="a">9781633693951</subfield>
    <subfield code="q">(hardcover)</subfield>
  </datafield>
  <datafield tag="040" ind1=" " ind2=" ">
    <subfield code="a">MH/DLC</subfield>
    <subfield code="b">eng</subfield>
    <subfield code="c">MH</subfield>
    <subfield code="e">rda</subfield>
    <subfield code="d">DLC</subfield>
  </datafield>
  <datafield tag="042" ind1=" " ind2=" ">
    <subfield code="a">pcc</subfield>
  </datafield>
  <datafield tag="050" ind1="0" ind2="0">
    <subfield code="a">Q172.5.C45</subfield>
    <subfield code="b">W44 2019</subfield>
  </datafield>
  <datafield tag="082" ind1="0" ind2="0">
    <subfield code="a">006.3/101</subfield>
    <subfield code="2">23</subfield>
  </datafield>
  <datafield tag="100" ind1="1" ind2=" ">
    <subfield code="a">Weinberger, David,</subfield>
    <subfield code="d">1950-</subfield>
    <subfield code="e">author.</subfield>
  </datafield>
  <datafield tag="245" ind1="1" ind2="0">
    <subfield code="a">Everyday chaos :</subfield>
    <subfield code="b">technology, complexity, and how we&apos;re thriving in a new world of possibility /</subfield>
    <subfield code="c">David Weinberger.</subfield>
  </datafield>
  <datafield tag="264" ind1=" " ind2="1">
    <subfield code="a">Boston, Massachusetts :</subfield>
    <subfield code="b">Harvard Business Review Press,</subfield>
    <subfield code="c">[2019]</subfield>
  </datafield>
  <datafield tag="300" ind1=" " ind2=" ">
    <subfield code="a">241 pages ;</subfield>
    <subfield code="c">25 cm</subfield>
  </datafield>
  <datafield tag="336" ind1=" " ind2=" ">
    <subfield code="a">text</subfield>
    <subfield code="2">rdacontent</subfield>
  </datafield>
  <datafield tag="337" ind1=" " ind2=" ">
    <subfield code="a">unmediated</subfield>
    <subfield code="2">rdamedia</subfield>
  </datafield>
  <datafield tag="338" ind1=" " ind2=" ">
    <subfield code="a">volume</subfield>
    <subfield code="2">rdacarrier</subfield>
  </datafield>
  <datafield tag="520" ind1=" " ind2=" ">
    <subfield code="a">Modern science, the Internet, big data, and AI are each saying the same thing to us: the world is -- and always has been -- far more complex and unpredictable than we&apos;ve allowed ourselves to see. As a result we&apos;re undergoing a sea change in our understanding of how things happen, and in our deepest strategies for predicting, preparing for, and managing our lives and our businesses. For example, machine learning allows us to make better predictions (think the weather, stock performance, online clicks) but we know less about why those predictions are right--and we need to get used to that. And in fact, over the past twenty years we&apos;ve been unintentionally developing strategies that avoid anticipating what will happen so we don&apos;t have to depend on unreliable revenue forecasts, assumptions about customer needs, and hypotheses about how a product will be used. By embracing these strategies, we&apos;re flourishing by creating yet more possibilities and yet more unpredictability. In wide-ranging stories and characteristically all-encompassing syntheses, technology researcher, internet expert, and philosopher David Weinberger reveals the trends that hide in so many aspects of our lives--and shows us how they matter.--</subfield>
    <subfield code="c">Provided by publisher</subfield>
  </datafield>
  <datafield tag="504" ind1=" " ind2=" ">
    <subfield code="a">Includes bibliographical references (pages [215]-229) and index.</subfield>
  </datafield>
  <datafield tag="650" ind1=" " ind2="0">
    <subfield code="a">Chaotic behavior in systems</subfield>
    <subfield code="x">Industrial applications.</subfield>
  </datafield>
  <datafield tag="650" ind1=" " ind2="0">
    <subfield code="a">Prediction theory</subfield>
    <subfield code="x">Technological innovations.</subfield>
  </datafield>
  <datafield tag="650" ind1=" " ind2="0">
    <subfield code="a">Economic forecasting.</subfield>
  </datafield>
  <datafield tag="650" ind1=" " ind2="0">
    <subfield code="a">Technological innovations.</subfield>
  </datafield>
  <datafield tag="985" ind1=" " ind2=" ">
    <subfield code="a">MHCIP</subfield>
    <subfield code="d">2019-01-09</subfield>
  </datafield>
</record>