
<record>
  <leader>02775cam a2200337 i 4500</leader>
  <controlfield tag="001">20810355</controlfield>
  <controlfield tag="005">20200103165737.0</controlfield>
  <controlfield tag="008">190115s2018    mau           001 0 eng  </controlfield>
  <datafield tag="906" ind1=" " ind2=" ">
    <subfield code="a">7</subfield>
    <subfield code="b">cbc</subfield>
    <subfield code="c">origres</subfield>
    <subfield code="d">2</subfield>
    <subfield code="e">ncip</subfield>
    <subfield code="f">20</subfield>
    <subfield code="g">y-gencatlg</subfield>
  </datafield>
  <datafield tag="925" ind1="0" ind2=" ">
    <subfield code="a">acquire</subfield>
    <subfield code="b">1 shelf copy</subfield>
    <subfield code="x">policy default</subfield>
  </datafield>
  <datafield tag="955" ind1=" " ind2=" ">
    <subfield code="b">rn45 2019-01-15 z-processor 1 copy to USPRLL</subfield>
    <subfield code="i">xk01 2020-01-03 to BCCD</subfield>
  </datafield>
  <datafield tag="010" ind1=" " ind2=" ">
    <subfield code="a">  2017279753</subfield>
  </datafield>
  <datafield tag="020" ind1=" " ind2=" ">
    <subfield code="a">9781319153458</subfield>
    <subfield code="q">paperback</subfield>
  </datafield>
  <datafield tag="020" ind1=" " ind2=" ">
    <subfield code="a">1319153453</subfield>
    <subfield code="q">paperback</subfield>
  </datafield>
  <datafield tag="040" ind1=" " ind2=" ">
    <subfield code="a">DLC</subfield>
    <subfield code="c">DLC</subfield>
  </datafield>
  <datafield tag="042" ind1=" " ind2=" ">
    <subfield code="a">pcc</subfield>
  </datafield>
  <datafield tag="050" ind1="0" ind2="0">
    <subfield code="a">PE1471</subfield>
    <subfield code="b">.M66 2018</subfield>
  </datafield>
  <datafield tag="082" ind1="0" ind2="4">
    <subfield code="a">808.042</subfield>
    <subfield code="2">23</subfield>
  </datafield>
  <datafield tag="100" ind1="1" ind2=" ">
    <subfield code="a">Moore, Miriam</subfield>
    <subfield code="q">(Miriam P.),</subfield>
    <subfield code="e">author.</subfield>
  </datafield>
  <datafield tag="245" ind1="1" ind2="0">
    <subfield code="a">Real essays essentials :</subfield>
    <subfield code="b">from drafting to revising /</subfield>
    <subfield code="c">Miriam Moore, Susan Anker.</subfield>
  </datafield>
  <datafield tag="264" ind1=" " ind2="1">
    <subfield code="a">Boston :</subfield>
    <subfield code="b">Bedford/St. Martin&apos;s,</subfield>
    <subfield code="c">[2018]</subfield>
  </datafield>
  <datafield tag="300" ind1=" " ind2=" ">
    <subfield code="a">xxv, 303 pages ;</subfield>
    <subfield code="c">23 cm</subfield>
  </datafield>
  <datafield tag="336" ind1=" " ind2=" ">
    <subfield code="a">text</subfield>
    <subfield code="b">txt</subfield>
    <subfield code="2">rdacontent</subfield>
  </datafield>
  <datafield tag="337" ind1=" " ind2=" ">
    <subfield code="a">unmediated</subfield>
    <subfield code="b">n</subfield>
    <subfield code="2">rdamedia</subfield>
  </datafield>
  <datafield tag="338" ind1=" " ind2=" ">
    <subfield code="a">volume</subfield>
    <subfield code="b">nc</subfield>
    <subfield code="2">rdacarrier</subfield>
  </datafield>
  <datafield tag="500" ind1=" " ind2=" ">
    <subfield code="a">Includes index.</subfield>
  </datafield>
  <datafield tag="505" ind1="0" ind2=" ">
    <subfield code="a">PART ONE: College thinking, reading, and writing -- 1. Critical thinking, reading, and writing: Making connections -- 2. Getting ready to write: Audience, purpose, form, and process -- 3. Organizing your main point and support: Giving ideas structure -- 4. Drafting and revising: Putting your ideas together -- PART TWO: Writing different kinds of essays -- 5. Narration: Writing that tells stories -- 6. Illustration: Writing that shows examples -- 7. Description: Writing that creates pictures with words -- 8. Process analysis: Writing that explains how things happen -- 9. Classification: Writing that sorts things into groups -- 10. Definition: Writing that tells what something means -- 11. Comparison and contrast: Writing that shows similarities and differences -- 12. Cause and effect: Writing that explains reasons or results -- 13. Argument: Writing that persuades -- PART THREE: Doing Research 14. Research Essays: Using Outside Sources PART FOUR: Grammar, Punctuation, and Mechanics 15. Basic Grammar: An Overview 16. The Four Most Serious Errors 17. Other Grammar and Style Concerns -- 18. Punctuation and capitalization -- ndex -- Useful editing and proofreading marks.</subfield>
  </datafield>
  <datafield tag="520" ind1="3" ind2=" ">
    <subfield code="a">Author Miriam Moore believes in helping students learn to trust themselves as readers, writers, and thinkers. Writing Essentials Online: A Macmillan Launchpad provides a space where students can build both confidence and strong academic writing skills that will carry them forward in college and career.A portable print text, Real Writing Essentials works together with Writing Essentials Online to deliver just the support necessary in order to develop paragraphs and essays.--publisher&apos;s description.</subfield>
  </datafield>
  <datafield tag="650" ind1=" " ind2="0">
    <subfield code="a">Essay</subfield>
    <subfield code="x">Authorship.</subfield>
  </datafield>
  <datafield tag="650" ind1=" " ind2="0">
    <subfield code="a">English language</subfield>
    <subfield code="x">Rhetoric.</subfield>
  </datafield>
  <datafield tag="700" ind1="1" ind2=" ">
    <subfield code="a">Anker, Susan,</subfield>
    <subfield code="e">author.</subfield>
  </datafield>
</record>