
<record>
  <leader>02161cam a22003375i 4500</leader>
  <controlfield tag="001">20816495</controlfield>
  <controlfield tag="005">20200103103819.0</controlfield>
  <controlfield tag="008">181005s2018    ne a          000 1 dut d</controlfield>
  <datafield tag="906" ind1=" " ind2=" ">
    <subfield code="a">0</subfield>
    <subfield code="b">ibc</subfield>
    <subfield code="c">copycat</subfield>
    <subfield code="d">3</subfield>
    <subfield code="e">ncip</subfield>
    <subfield code="f">20</subfield>
    <subfield code="g">y-gencatlg</subfield>
  </datafield>
  <datafield tag="925" ind1="0" ind2=" ">
    <subfield code="a">acquire</subfield>
    <subfield code="b">1 shelf copy</subfield>
    <subfield code="x">policy default</subfield>
  </datafield>
  <datafield tag="955" ind1=" " ind2=" ">
    <subfield code="a">ve13 2019-01-25</subfield>
    <subfield code="b">bd34 2019-02-02</subfield>
    <subfield code="b">bd34 2020-01-03 z-processor</subfield>
    <subfield code="i">bd34 2020-01-03</subfield>
  </datafield>
  <datafield tag="010" ind1=" " ind2=" ">
    <subfield code="a">  2018483594</subfield>
  </datafield>
  <datafield tag="020" ind1=" " ind2=" ">
    <subfield code="a">9789403135304</subfield>
    <subfield code="q">(softcover)</subfield>
  </datafield>
  <datafield tag="020" ind1=" " ind2=" ">
    <subfield code="a">9403135301</subfield>
  </datafield>
  <datafield tag="035" ind1=" " ind2=" ">
    <subfield code="a">(OCoLC)on1056199589</subfield>
  </datafield>
  <datafield tag="040" ind1=" " ind2=" ">
    <subfield code="a">ERASA</subfield>
    <subfield code="b">eng</subfield>
    <subfield code="c">ERASA</subfield>
    <subfield code="e">rda</subfield>
    <subfield code="d">QGK</subfield>
    <subfield code="d">L2U</subfield>
    <subfield code="d">OCLCQ</subfield>
    <subfield code="d">IUL</subfield>
    <subfield code="d">HLS</subfield>
    <subfield code="d">DLC</subfield>
  </datafield>
  <datafield tag="042" ind1=" " ind2=" ">
    <subfield code="a">lccopycat</subfield>
  </datafield>
  <datafield tag="050" ind1="0" ind2="0">
    <subfield code="a">PT5881.23.U36</subfield>
    <subfield code="b">L54 2018</subfield>
  </datafield>
  <datafield tag="082" ind1="0" ind2="4">
    <subfield code="a">839.31</subfield>
  </datafield>
  <datafield tag="100" ind1="1" ind2=" ">
    <subfield code="a">Mulder, Jan,</subfield>
    <subfield code="d">1945-</subfield>
    <subfield code="e">author.</subfield>
  </datafield>
  <datafield tag="245" ind1="1" ind2="0">
    <subfield code="a">Liefde &amp; aardbevingen :</subfield>
    <subfield code="b">roman /</subfield>
    <subfield code="c">Jan Mulder.</subfield>
  </datafield>
  <datafield tag="264" ind1=" " ind2="1">
    <subfield code="a">Amsterdam :</subfield>
    <subfield code="b">De Bezige Bij,</subfield>
    <subfield code="c">2018.</subfield>
  </datafield>
  <datafield tag="300" ind1=" " ind2=" ">
    <subfield code="a">191 pages :</subfield>
    <subfield code="b">illustrations ;</subfield>
    <subfield code="c">23 cm</subfield>
  </datafield>
  <datafield tag="336" ind1=" " ind2=" ">
    <subfield code="a">text</subfield>
    <subfield code="b">txt</subfield>
    <subfield code="2">rdacontent</subfield>
  </datafield>
  <datafield tag="337" ind1=" " ind2=" ">
    <subfield code="a">unmediated</subfield>
    <subfield code="b">n</subfield>
    <subfield code="2">rdamedia</subfield>
  </datafield>
  <datafield tag="338" ind1=" " ind2=" ">
    <subfield code="a">volume</subfield>
    <subfield code="b">nc</subfield>
    <subfield code="2">rdacarrier</subfield>
  </datafield>
  <datafield tag="520" ind1="8" ind2=" ">
    <subfield code="a">Een dorp in het hoge noorden van het land, de laatste decennia van de vorige eeuw. De kruidenier Wilhelmus ontfermt zich immer met toewijding over de lichamen van de talrijke zielen die in hun zware boerenbestaan geen andere uitweg zagen dan in de put te springen. Thuis adoreert hij tamelijk naïef zijn echtgenote Albertine, die veel minder dan hij in staat is haar geduld te bewaren in hun stilstaande, kinderloze huwelijk. Hij is in de ban van Bach en luistert elke zondag om één uur trouw naar de avro als daar de toestanden van de wereld worden besproken. &quot;Zijn geest is geen oord van losbandigheid. Zijn lust is een traag en onbeholpen antwoord op een vergeten instinct.&quot; Vanaf het moment dat de Turkse Tanya in het dorp komt wonen verandert het leven van Wilhelmus dramatisch. &apos;Liefde &amp; aardbevingen&apos; is een onvergetelijk portret van een tragisch leven in een veranderende samenleving. Jan Mulder heeft in deze roman zijn fijnzinnige verbeelding tot het uiterste ingezet.</subfield>
  </datafield>
  <datafield tag="650" ind1=" " ind2="4">
    <subfield code="a">18.11 Dutch literature.</subfield>
    <subfield code="0">(NL-LeOCL)077612027</subfield>
  </datafield>
  <datafield tag="655" ind1=" " ind2="7">
    <subfield code="a">Fiction</subfield>
    <subfield code="2">fast</subfield>
    <subfield code="0">http://id.worldcat.org/fast/1423787</subfield>
  </datafield>
  <datafield tag="923" ind1=" " ind2=" ">
    <subfield code="d">01-17-19</subfield>
    <subfield code="n">I-20115433</subfield>
    <subfield code="s">proquest</subfield>
  </datafield>
  <datafield tag="985" ind1=" " ind2=" ">
    <subfield code="e">VENDOR LOAD</subfield>
  </datafield>
</record>