
<record>
  <leader>01599cam a22003975i 4500</leader>
  <controlfield tag="001">20827240</controlfield>
  <controlfield tag="005">20200103080622.0</controlfield>
  <controlfield tag="008">190129s2018    bl a     b    000 0 por d</controlfield>
  <datafield tag="906" ind1=" " ind2=" ">
    <subfield code="a">0</subfield>
    <subfield code="b">ibc</subfield>
    <subfield code="c">copycat</subfield>
    <subfield code="d">2</subfield>
    <subfield code="e">ncip</subfield>
    <subfield code="f">20</subfield>
    <subfield code="g">y-gencatlg</subfield>
  </datafield>
  <datafield tag="925" ind1="0" ind2=" ">
    <subfield code="a">acquire</subfield>
    <subfield code="b">1 shelf copy</subfield>
    <subfield code="x">policy default</subfield>
  </datafield>
  <datafield tag="955" ind1=" " ind2=" ">
    <subfield code="b">wr18 2020-01-03 z-processor</subfield>
  </datafield>
  <datafield tag="010" ind1=" " ind2=" ">
    <subfield code="a">  2019307075</subfield>
  </datafield>
  <datafield tag="020" ind1=" " ind2=" ">
    <subfield code="a">9788577856350</subfield>
    <subfield code="q">(pbk.)</subfield>
  </datafield>
  <datafield tag="020" ind1=" " ind2=" ">
    <subfield code="a">8577856356</subfield>
  </datafield>
  <datafield tag="035" ind1=" " ind2=" ">
    <subfield code="a">(OCoLC)on1124791885</subfield>
  </datafield>
  <datafield tag="040" ind1=" " ind2=" ">
    <subfield code="a">SBACH</subfield>
    <subfield code="b">eng</subfield>
    <subfield code="c">SBACH</subfield>
    <subfield code="e">rda</subfield>
    <subfield code="d">IQU</subfield>
    <subfield code="d">OCLCF</subfield>
    <subfield code="d">DLC</subfield>
  </datafield>
  <datafield tag="042" ind1=" " ind2=" ">
    <subfield code="a">lccopycat</subfield>
  </datafield>
  <datafield tag="097" ind1="0" ind2="0">
    <subfield code="a">HN290.R5</subfield>
    <subfield code="b">V58 2018</subfield>
  </datafield>
  <datafield tag="245" ind1="0" ind2="0">
    <subfield code="a">Viva a Vila Autódromo :</subfield>
    <subfield code="b">o Plano Popular e a luta contra a remoção /</subfield>
    <subfield code="c">organizado por Giselle Tanaka [and eight others].</subfield>
  </datafield>
  <datafield tag="264" ind1=" " ind2="1">
    <subfield code="a">Rio de Janeiro :</subfield>
    <subfield code="b">Letra Capital,</subfield>
    <subfield code="c">2018.</subfield>
  </datafield>
  <datafield tag="300" ind1=" " ind2=" ">
    <subfield code="a">413 pages :</subfield>
    <subfield code="b">illustrations (some color) ;</subfield>
    <subfield code="c">22 cm. +</subfield>
    <subfield code="e">1 poster.</subfield>
  </datafield>
  <datafield tag="336" ind1=" " ind2=" ">
    <subfield code="a">text</subfield>
    <subfield code="b">txt</subfield>
    <subfield code="2">rdacontent</subfield>
  </datafield>
  <datafield tag="337" ind1=" " ind2=" ">
    <subfield code="a">unmediated</subfield>
    <subfield code="b">n</subfield>
    <subfield code="2">rdamedia</subfield>
  </datafield>
  <datafield tag="338" ind1=" " ind2=" ">
    <subfield code="a">volume</subfield>
    <subfield code="b">nc</subfield>
    <subfield code="2">rdacarrier</subfield>
  </datafield>
  <datafield tag="504" ind1=" " ind2=" ">
    <subfield code="a">Includes bibliographical references.</subfield>
  </datafield>
  <datafield tag="650" ind1=" " ind2="0">
    <subfield code="a">Sociology, Urban</subfield>
    <subfield code="z">Brazil</subfield>
    <subfield code="z">Rio de Janeiro.</subfield>
  </datafield>
  <datafield tag="650" ind1=" " ind2="0">
    <subfield code="a">City planning</subfield>
    <subfield code="z">Brazil</subfield>
    <subfield code="z">Rio de Janeiro.</subfield>
  </datafield>
  <datafield tag="650" ind1=" " ind2="0">
    <subfield code="a">Cities and towns</subfield>
    <subfield code="z">Brazil</subfield>
    <subfield code="z">Rio de Janeiro</subfield>
    <subfield code="x">Growth.</subfield>
  </datafield>
  <datafield tag="650" ind1=" " ind2="0">
    <subfield code="a">Social participation</subfield>
    <subfield code="z">Brazil</subfield>
    <subfield code="z">Rio de Janeiro.</subfield>
  </datafield>
  <datafield tag="650" ind1=" " ind2="7">
    <subfield code="a">Cities and towns</subfield>
    <subfield code="x">Growth.</subfield>
    <subfield code="2">fast</subfield>
    <subfield code="0">(OCoLC)fst00861781</subfield>
  </datafield>
  <datafield tag="650" ind1=" " ind2="7">
    <subfield code="a">City planning.</subfield>
    <subfield code="2">fast</subfield>
    <subfield code="0">(OCoLC)fst00862177</subfield>
  </datafield>
  <datafield tag="650" ind1=" " ind2="7">
    <subfield code="a">Social participation.</subfield>
    <subfield code="2">fast</subfield>
    <subfield code="0">(OCoLC)fst01122699</subfield>
  </datafield>
  <datafield tag="650" ind1=" " ind2="7">
    <subfield code="a">Sociology, Urban.</subfield>
    <subfield code="2">fast</subfield>
    <subfield code="0">(OCoLC)fst01123961</subfield>
  </datafield>
  <datafield tag="651" ind1=" " ind2="7">
    <subfield code="a">Brazil</subfield>
    <subfield code="z">Rio de Janeiro.</subfield>
    <subfield code="2">fast</subfield>
    <subfield code="0">(OCoLC)fst01205337</subfield>
  </datafield>
  <datafield tag="700" ind1="1" ind2=" ">
    <subfield code="a">Tanaka, Giselle,</subfield>
    <subfield code="e">editor.</subfield>
  </datafield>
  <datafield tag="985" ind1=" " ind2=" ">
    <subfield code="e">ODE-rj</subfield>
  </datafield>
</record>