
<record>
  <leader>02502cam a2200337 i 4500</leader>
  <controlfield tag="001">20829739</controlfield>
  <controlfield tag="005">20200103095456.0</controlfield>
  <controlfield tag="008">190121s2019    cou      b    001 0 eng c</controlfield>
  <datafield tag="906" ind1=" " ind2=" ">
    <subfield code="a">7</subfield>
    <subfield code="b">cbc</subfield>
    <subfield code="c">orignew</subfield>
    <subfield code="d">1</subfield>
    <subfield code="e">ecip</subfield>
    <subfield code="f">20</subfield>
    <subfield code="g">y-gencatlg</subfield>
  </datafield>
  <datafield tag="925" ind1="0" ind2=" ">
    <subfield code="a">acquire</subfield>
    <subfield code="b">1 shelf copy</subfield>
    <subfield code="x">policy default</subfield>
  </datafield>
  <datafield tag="955" ind1=" " ind2=" ">
    <subfield code="a">LBSOR</subfield>
    <subfield code="e">re12 2019-02-07 to Dewey</subfield>
    <subfield code="w">xm06 2019-02-07</subfield>
    <subfield code="a">xn17 2019-06-18 1 copy rec&apos;d., to CIP ver.</subfield>
    <subfield code="a">re13 2019-07-03</subfield>
    <subfield code="f">re13 2019-07-05 Copy 1 to Calm</subfield>
  </datafield>
  <datafield tag="010" ind1=" " ind2=" ">
    <subfield code="a">  2018058703</subfield>
  </datafield>
  <datafield tag="020" ind1=" " ind2=" ">
    <subfield code="a">9781626378155</subfield>
    <subfield code="q">(hardcover :</subfield>
    <subfield code="q">alk. paper)</subfield>
  </datafield>
  <datafield tag="020" ind1=" " ind2=" ">
    <subfield code="z">9781626378209</subfield>
    <subfield code="q">(e-book)</subfield>
  </datafield>
  <datafield tag="040" ind1=" " ind2=" ">
    <subfield code="a">LBSOR/DLC</subfield>
    <subfield code="b">eng</subfield>
    <subfield code="c">LBSOR</subfield>
    <subfield code="e">rda</subfield>
    <subfield code="d">DLC</subfield>
  </datafield>
  <datafield tag="042" ind1=" " ind2=" ">
    <subfield code="a">pcc</subfield>
  </datafield>
  <datafield tag="050" ind1="0" ind2="0">
    <subfield code="a">JF195</subfield>
    <subfield code="b">.C58 2019</subfield>
  </datafield>
  <datafield tag="082" ind1="0" ind2="0">
    <subfield code="a">322/.5</subfield>
    <subfield code="2">23</subfield>
  </datafield>
  <datafield tag="245" ind1="0" ind2="0">
    <subfield code="a">Civil-military relations :</subfield>
    <subfield code="b">control and effectiveness across regimes /</subfield>
    <subfield code="c">edited by Thomas C. Bruneau, Aurel Croissant.</subfield>
  </datafield>
  <datafield tag="264" ind1=" " ind2="1">
    <subfield code="a">Boulder, Colorado :</subfield>
    <subfield code="b">Lynne Rienner Publishers,</subfield>
    <subfield code="c">2019.</subfield>
  </datafield>
  <datafield tag="300" ind1=" " ind2=" ">
    <subfield code="a">ix, 281 pages ;</subfield>
    <subfield code="c">24 cm</subfield>
  </datafield>
  <datafield tag="336" ind1=" " ind2=" ">
    <subfield code="a">text</subfield>
    <subfield code="b">txt</subfield>
    <subfield code="2">rdacontent</subfield>
  </datafield>
  <datafield tag="337" ind1=" " ind2=" ">
    <subfield code="a">unmediated</subfield>
    <subfield code="b">n</subfield>
    <subfield code="2">rdamedia</subfield>
  </datafield>
  <datafield tag="338" ind1=" " ind2=" ">
    <subfield code="a">volume</subfield>
    <subfield code="b">nc</subfield>
    <subfield code="2">rdacarrier</subfield>
  </datafield>
  <datafield tag="520" ind1=" " ind2=" ">
    <subfield code="a">&quot;Explores how civilian control affects military effectiveness in democratic, hybrid, and authoritarian regimes&quot;--</subfield>
    <subfield code="c">Provided by publisher.</subfield>
  </datafield>
  <datafield tag="504" ind1=" " ind2=" ">
    <subfield code="a">Includes bibliographical references and index.</subfield>
  </datafield>
  <datafield tag="505" ind1="0" ind2=" ">
    <subfield code="a">Civil-military relations : why control is not enough / Thomas C. Bruneau and Aurel Croissant -- The theoretical landscape / David Kuehn -- Measuring effectiveness and control / Tanja Eschenauer-Engler and Jil Kamerling -- The United States : planning and managing control and effectiveness / Thomas-Durrell Young -- Japan : separation, control, and effectiveness / Chiyuki Aoi -- Germany : the Bundeswehr and the limits of strategic culture / Sven Bernhard Gareis -- Chile : defense governance and democratic consolidation / Carlos Solar -- Tunisia : patterns and implications of civilian control / Noureddine Jebnoun -- Indonesia : the military&apos;s growing assertiveness on nondefense missions / Aditya Batara Gunawan -- Russia : the armed forces as patriotic glue / Ofer Fridman -- Turkey : strengthening personalized political control / Zeynep Sentek -- Egypt : an ineffective military beyond control / Robert Springborg -- China : traditions, institutions, and effectiveness / You Ji -- The nexus of control and effectiveness / Thomas C. Bruneau and Aurel Croissant.</subfield>
  </datafield>
  <datafield tag="650" ind1=" " ind2="0">
    <subfield code="a">Civil-military relations</subfield>
    <subfield code="v">Case studies.</subfield>
  </datafield>
  <datafield tag="700" ind1="1" ind2=" ">
    <subfield code="a">Bruneau, Thomas C.,</subfield>
    <subfield code="e">editor.</subfield>
  </datafield>
  <datafield tag="700" ind1="1" ind2=" ">
    <subfield code="a">Croissant, Aurel,</subfield>
    <subfield code="d">1969-</subfield>
    <subfield code="e">editor.</subfield>
  </datafield>
  <datafield tag="985" ind1=" " ind2=" ">
    <subfield code="a">LBSORCIP</subfield>
    <subfield code="d">2019-01-30</subfield>
  </datafield>
</record>