
<record>
  <leader>01675cam a22003258i 4500</leader>
  <controlfield tag="001">20832653</controlfield>
  <controlfield tag="005">20200103140130.0</controlfield>
  <controlfield tag="008">190131s2019    wau           000 0 eng  </controlfield>
  <datafield tag="906" ind1=" " ind2=" ">
    <subfield code="a">0</subfield>
    <subfield code="b">vip</subfield>
    <subfield code="c">orignew</subfield>
    <subfield code="d">1</subfield>
    <subfield code="e">ecip</subfield>
    <subfield code="f">20</subfield>
    <subfield code="g">y-gencatlg</subfield>
  </datafield>
  <datafield tag="925" ind1="0" ind2=" ">
    <subfield code="a">acquire</subfield>
    <subfield code="b">1 shelf copy</subfield>
    <subfield code="x">policy default</subfield>
  </datafield>
  <datafield tag="955" ind1=" " ind2=" ">
    <subfield code="b">cg06 2019-01-31 telework</subfield>
    <subfield code="i">cg06 2019-01-31 telework to rev.</subfield>
    <subfield code="w">xm08 2019-02-20 (telework)</subfield>
    <subfield code="a">xn17 2019-08-19 1 copy rec&apos;d., to CIP ver.</subfield>
    <subfield code="a">rk20 2019-08-27 book received in ART</subfield>
  </datafield>
  <datafield tag="010" ind1=" " ind2=" ">
    <subfield code="a">  2019004711</subfield>
  </datafield>
  <datafield tag="020" ind1=" " ind2=" ">
    <subfield code="a">9781683560128 (pbk.)</subfield>
  </datafield>
  <datafield tag="040" ind1=" " ind2=" ">
    <subfield code="a">DLC</subfield>
    <subfield code="b">eng</subfield>
    <subfield code="c">DLC</subfield>
    <subfield code="e">rda</subfield>
  </datafield>
  <datafield tag="042" ind1=" " ind2=" ">
    <subfield code="a">pcc</subfield>
  </datafield>
  <datafield tag="050" ind1="0" ind2="0">
    <subfield code="a">TT753</subfield>
    <subfield code="b">.A53 2019</subfield>
  </datafield>
  <datafield tag="082" ind1="0" ind2="0">
    <subfield code="a">746.4</subfield>
    <subfield code="2">23</subfield>
  </datafield>
  <datafield tag="100" ind1="1" ind2=" ">
    <subfield code="a">Anderson, Lynette</subfield>
    <subfield code="c">(Textile designer),</subfield>
    <subfield code="e">author.</subfield>
  </datafield>
  <datafield tag="245" ind1="1" ind2="0">
    <subfield code="a">Lynette&apos;s best-loved stitcheries :</subfield>
    <subfield code="b">13 cottage-style projects you&apos;ll adore /</subfield>
    <subfield code="c">Lynette Anderson.</subfield>
  </datafield>
  <datafield tag="263" ind1=" " ind2=" ">
    <subfield code="a">1111</subfield>
  </datafield>
  <datafield tag="264" ind1=" " ind2="1">
    <subfield code="a">Bothell, WA :</subfield>
    <subfield code="b">Martingale,</subfield>
    <subfield code="c">[2019]</subfield>
  </datafield>
  <datafield tag="300" ind1=" " ind2=" ">
    <subfield code="a">pages cm</subfield>
  </datafield>
  <datafield tag="336" ind1=" " ind2=" ">
    <subfield code="a">text</subfield>
    <subfield code="b">txt</subfield>
    <subfield code="2">rdacontent</subfield>
  </datafield>
  <datafield tag="337" ind1=" " ind2=" ">
    <subfield code="a">unmediated</subfield>
    <subfield code="b">n</subfield>
    <subfield code="2">rdamedia</subfield>
  </datafield>
  <datafield tag="338" ind1=" " ind2=" ">
    <subfield code="a">volume</subfield>
    <subfield code="b">nc</subfield>
    <subfield code="2">rdacarrier</subfield>
  </datafield>
  <datafield tag="505" ind1="0" ind2=" ">
    <subfield code="a">General techniques -- The potting shed journal and pencil case -- Sunshine and flowers pillow -- Redwork pillow pair -- Bee an angel and all birds welcome -- Blossom tree wall hanging -- Meadow cottage tote -- Springtime needle case and scissors holder -- Count your blessings mini-quilt -- Sunflower house slippers -- Seasons at hilltop cottage -- Home sweet home redwork -- One-stitch-at-a-time sewing caddy -- The nest framed stitchery.</subfield>
  </datafield>
  <datafield tag="650" ind1=" " ind2="0">
    <subfield code="a">Needlework</subfield>
    <subfield code="v">Patterns.</subfield>
  </datafield>
  <datafield tag="650" ind1=" " ind2="0">
    <subfield code="a">Stitches (Sewing)</subfield>
  </datafield>
  <datafield tag="650" ind1=" " ind2="0">
    <subfield code="a">Embroidery</subfield>
    <subfield code="v">Patterns.</subfield>
  </datafield>
  <datafield tag="963" ind1=" " ind2=" ">
    <subfield code="a">Sheila D Ryan; phone: 425-483-3313; email: sryan@martingale-pub.com; bc: sryan@martingale-pub.com</subfield>
  </datafield>
</record>