
<record>
  <leader>02250cam a22003738i 4500</leader>
  <controlfield tag="001">20838415</controlfield>
  <controlfield tag="005">20200103115740.0</controlfield>
  <controlfield tag="008">190204s2019    nyu      b    001 0 eng  </controlfield>
  <datafield tag="906" ind1=" " ind2=" ">
    <subfield code="a">7</subfield>
    <subfield code="b">rip</subfield>
    <subfield code="c">orignew</subfield>
    <subfield code="d">1</subfield>
    <subfield code="e">ecip</subfield>
    <subfield code="f">20</subfield>
    <subfield code="g">y-gencatlg</subfield>
  </datafield>
  <datafield tag="925" ind1="0" ind2=" ">
    <subfield code="a">acquire</subfield>
    <subfield code="b">1 shelf copy</subfield>
    <subfield code="x">policy default</subfield>
  </datafield>
  <datafield tag="955" ind1=" " ind2=" ">
    <subfield code="b">rf21 2019-02-04</subfield>
    <subfield code="i">rf21 2019-02-04 to SL</subfield>
    <subfield code="e">rf10 2019-02-04 (telework) to Dewey</subfield>
    <subfield code="w">xm06 2019-02-05</subfield>
    <subfield code="u">rf21 2020-01-03 (telework) update hdg.</subfield>
  </datafield>
  <datafield tag="010" ind1=" " ind2=" ">
    <subfield code="a">  2019005244</subfield>
  </datafield>
  <datafield tag="020" ind1=" " ind2=" ">
    <subfield code="a">9781108481281 (alk. paper)</subfield>
  </datafield>
  <datafield tag="040" ind1=" " ind2=" ">
    <subfield code="a">DLC</subfield>
    <subfield code="b">eng</subfield>
    <subfield code="e">rda</subfield>
    <subfield code="c">DLC</subfield>
    <subfield code="d">DLC</subfield>
  </datafield>
  <datafield tag="042" ind1=" " ind2=" ">
    <subfield code="a">pcc</subfield>
  </datafield>
  <datafield tag="043" ind1=" " ind2=" ">
    <subfield code="a">e------</subfield>
    <subfield code="a">ff-----</subfield>
    <subfield code="a">aw-----</subfield>
  </datafield>
  <datafield tag="050" ind1="0" ind2="0">
    <subfield code="a">DG205</subfield>
    <subfield code="b">.H627 2019</subfield>
  </datafield>
  <datafield tag="082" ind1="0" ind2="0">
    <subfield code="a">937/.08072</subfield>
    <subfield code="2">23</subfield>
  </datafield>
  <datafield tag="245" ind1="0" ind2="0">
    <subfield code="a">Historiography and space in late antiquity /</subfield>
    <subfield code="c">edited by Peter Van Nuffelen, Ghent University, Belgium.</subfield>
  </datafield>
  <datafield tag="263" ind1=" " ind2=" ">
    <subfield code="a">1907</subfield>
  </datafield>
  <datafield tag="264" ind1=" " ind2="1">
    <subfield code="a">Cambridge ;</subfield>
    <subfield code="a">New York, NY :</subfield>
    <subfield code="b">Cambridge University Press,</subfield>
    <subfield code="c">[2019]</subfield>
  </datafield>
  <datafield tag="300" ind1=" " ind2=" ">
    <subfield code="a">pages cm</subfield>
  </datafield>
  <datafield tag="336" ind1=" " ind2=" ">
    <subfield code="a">text</subfield>
    <subfield code="b">txt</subfield>
    <subfield code="2">rdacontent</subfield>
  </datafield>
  <datafield tag="337" ind1=" " ind2=" ">
    <subfield code="a">unmediated</subfield>
    <subfield code="b">n</subfield>
    <subfield code="2">rdamedia</subfield>
  </datafield>
  <datafield tag="338" ind1=" " ind2=" ">
    <subfield code="a">volume</subfield>
    <subfield code="b">nc</subfield>
    <subfield code="2">rdacarrier</subfield>
  </datafield>
  <datafield tag="504" ind1=" " ind2=" ">
    <subfield code="a">Includes bibliographical references and index.</subfield>
  </datafield>
  <datafield tag="505" ind1="0" ind2=" ">
    <subfield code="a">Introduction: From imperial to post-imperial space in late ancient historiography / Peter Van Nuffelen -- Constantinople&apos;s belated hegemony / Anthony Kaldellis -- Beside the rim of the ocean: the edges of the world in fifth- and sixth-century historiography / Peter Van Nuffelen -- Armenian space in late antiquity / Tim Greenwood -- Narrative and space in Christian chronography: John of Biclaro on east, west, and Orthodoxy / Mark Humphries -- The Roman Empire in John of Ephesus&apos; church history: being Roman, writing Syriac / Hartmut Leppin -- Changing geographies: West Syrian ecclesiastical historiography, AD 700-850 / Philip Wood -- Where is Syriac pilgrimage literature in late antiquity? Exploring the absence of a genre / Scott Johnson.</subfield>
  </datafield>
  <datafield tag="651" ind1=" " ind2="0">
    <subfield code="a">Rome</subfield>
    <subfield code="x">History</subfield>
    <subfield code="y">Empire, 284-476</subfield>
    <subfield code="x">Historiography.</subfield>
  </datafield>
  <datafield tag="651" ind1=" " ind2="0">
    <subfield code="a">Rome (Italy)</subfield>
    <subfield code="x">History</subfield>
    <subfield code="y">476-1420</subfield>
    <subfield code="x">Historiography.</subfield>
  </datafield>
  <datafield tag="651" ind1=" " ind2="0">
    <subfield code="a">Roman provinces</subfield>
    <subfield code="x">Historiography.</subfield>
  </datafield>
  <datafield tag="650" ind1=" " ind2="0">
    <subfield code="a">Church history</subfield>
    <subfield code="x">Historiography.</subfield>
  </datafield>
  <datafield tag="650" ind1=" " ind2="0">
    <subfield code="a">Space</subfield>
    <subfield code="x">Philosophy</subfield>
    <subfield code="x">History.</subfield>
  </datafield>
  <datafield tag="700" ind1="1" ind2=" ">
    <subfield code="a">Van Nuffelen, Peter,</subfield>
    <subfield code="e">editor.</subfield>
  </datafield>
  <datafield tag="963" ind1=" " ind2=" ">
    <subfield code="a">Podhumai Anban; phone: +91-413-4212343; email: podhumai.anban@integra.co.in; bc: sreid@cambridge.org</subfield>
  </datafield>
</record>