
<record>
  <leader>04199cjm a2200853 i 4500</leader>
  <controlfield tag="001">20846991</controlfield>
  <controlfield tag="005">20200103151009.0</controlfield>
  <controlfield tag="007">sd fsngnnmmned</controlfield>
  <controlfield tag="007">sd fqngnnmmned</controlfield>
  <controlfield tag="008">190211t20172017gw mun|  efi      | zxx d</controlfield>
  <datafield tag="906" ind1=" " ind2=" ">
    <subfield code="a">7</subfield>
    <subfield code="b">cbc</subfield>
    <subfield code="c">copycat</subfield>
    <subfield code="d">2</subfield>
    <subfield code="e">ncip</subfield>
    <subfield code="f">20</subfield>
    <subfield code="g">y-soundrec</subfield>
  </datafield>
  <datafield tag="925" ind1="0" ind2=" ">
    <subfield code="a">acquire</subfield>
    <subfield code="b">2 shelf copies</subfield>
    <subfield code="x">policy default</subfield>
  </datafield>
  <datafield tag="955" ind1=" " ind2=" ">
    <subfield code="a">qr06 2019-02-11 z-client</subfield>
    <subfield code="i">qr06 2019-02-11</subfield>
  </datafield>
  <datafield tag="010" ind1=" " ind2=" ">
    <subfield code="a">  2019616861</subfield>
  </datafield>
  <datafield tag="024" ind1="3" ind2=" ">
    <subfield code="a">4260052382318</subfield>
  </datafield>
  <datafield tag="028" ind1="0" ind2="2">
    <subfield code="a">ARS 38 231</subfield>
    <subfield code="b">Ars Produktion</subfield>
  </datafield>
  <datafield tag="033" ind1="2" ind2="0">
    <subfield code="a">20170306</subfield>
    <subfield code="a">20170308</subfield>
    <subfield code="b">6299</subfield>
    <subfield code="c">W94</subfield>
  </datafield>
  <datafield tag="035" ind1=" " ind2=" ">
    <subfield code="a">(OCoLC)on1008888763</subfield>
  </datafield>
  <datafield tag="040" ind1=" " ind2=" ">
    <subfield code="a">KLM</subfield>
    <subfield code="b">eng</subfield>
    <subfield code="e">rda</subfield>
    <subfield code="c">KLM</subfield>
    <subfield code="d">OCLCF</subfield>
    <subfield code="d">RES</subfield>
    <subfield code="d">OCL</subfield>
    <subfield code="d">NYP</subfield>
    <subfield code="d">OCLCA</subfield>
    <subfield code="d">DLC</subfield>
  </datafield>
  <datafield tag="041" ind1="0" ind2=" ">
    <subfield code="g">ger</subfield>
    <subfield code="g">eng</subfield>
    <subfield code="m">ger</subfield>
  </datafield>
  <datafield tag="042" ind1=" " ind2=" ">
    <subfield code="a">lccopycat</subfield>
  </datafield>
  <datafield tag="047" ind1=" " ind2=" ">
    <subfield code="a">ps</subfield>
    <subfield code="a">tc</subfield>
    <subfield code="a">su</subfield>
    <subfield code="a">sn</subfield>
  </datafield>
  <datafield tag="048" ind1=" " ind2=" ">
    <subfield code="a">sc01</subfield>
  </datafield>
  <datafield tag="050" ind1="0" ind2="0">
    <subfield code="a">SDD 14515</subfield>
  </datafield>
  <datafield tag="245" ind1="0" ind2="0">
    <subfield code="a">Afierossis /</subfield>
    <subfield code="c">Michael Heupel, cello.</subfield>
  </datafield>
  <datafield tag="264" ind1=" " ind2="1">
    <subfield code="a">[Germany] :</subfield>
    <subfield code="b">Ars Produktion,</subfield>
    <subfield code="c">[2017]</subfield>
  </datafield>
  <datafield tag="264" ind1=" " ind2="4">
    <subfield code="c">℗2017</subfield>
  </datafield>
  <datafield tag="300" ind1=" " ind2=" ">
    <subfield code="a">1 audio disc (1:13:48) :</subfield>
    <subfield code="b">digital, CD audio, SACD, stereo, surround ;</subfield>
    <subfield code="c">4 3/4 in.</subfield>
  </datafield>
  <datafield tag="306" ind1=" " ind2=" ">
    <subfield code="a">011348</subfield>
  </datafield>
  <datafield tag="336" ind1=" " ind2=" ">
    <subfield code="a">performed music</subfield>
    <subfield code="b">prm</subfield>
    <subfield code="2">rdacontent</subfield>
  </datafield>
  <datafield tag="337" ind1=" " ind2=" ">
    <subfield code="a">audio</subfield>
    <subfield code="b">s</subfield>
    <subfield code="2">rdamedia</subfield>
  </datafield>
  <datafield tag="338" ind1=" " ind2=" ">
    <subfield code="a">audio disc</subfield>
    <subfield code="b">sd</subfield>
    <subfield code="2">rdacarrier</subfield>
  </datafield>
  <datafield tag="340" ind1=" " ind2=" ">
    <subfield code="a">plastic</subfield>
    <subfield code="a">metal</subfield>
    <subfield code="b">4 3/4 in.</subfield>
  </datafield>
  <datafield tag="344" ind1=" " ind2=" ">
    <subfield code="a">digital</subfield>
    <subfield code="b">optical</subfield>
    <subfield code="g">stereo</subfield>
    <subfield code="g">surround</subfield>
    <subfield code="2">rda</subfield>
  </datafield>
  <datafield tag="347" ind1=" " ind2=" ">
    <subfield code="a">audio file</subfield>
    <subfield code="2">rda</subfield>
  </datafield>
  <datafield tag="347" ind1=" " ind2=" ">
    <subfield code="b">CD audio</subfield>
    <subfield code="b">SACD</subfield>
  </datafield>
  <datafield tag="382" ind1="0" ind2="1">
    <subfield code="a">cello</subfield>
    <subfield code="n">1</subfield>
    <subfield code="s">1</subfield>
    <subfield code="2">lcmpt</subfield>
  </datafield>
  <datafield tag="500" ind1=" " ind2=" ">
    <subfield code="a">Title from disc label.</subfield>
  </datafield>
  <datafield tag="538" ind1=" " ind2=" ">
    <subfield code="a">Hybrid multichannel Super Audio CD plays on SACD, CD and DVD players.</subfield>
  </datafield>
  <datafield tag="500" ind1=" " ind2=" ">
    <subfield code="a">Works for solo cello.</subfield>
  </datafield>
  <datafield tag="511" ind1="0" ind2=" ">
    <subfield code="a">Michael Heupel, cello.</subfield>
  </datafield>
  <datafield tag="518" ind1=" " ind2=" ">
    <subfield code="o">Recorded</subfield>
    <subfield code="d">2017 March 6-8</subfield>
    <subfield code="p">Immanuelskirche, Wuppertal.</subfield>
  </datafield>
  <datafield tag="500" ind1=" " ind2=" ">
    <subfield code="a">Program notes and biographical information on the composers and performer in German with English translation (31 pages : portraits) inserted in container.</subfield>
  </datafield>
  <datafield tag="505" ind1="0" ind2=" ">
    <subfield code="a">Passacaglia for violoncello solo (1979/80) / William Walton (6:05) -- Fantasia II : In memoriam Pablo Casals : op. 97a (1993) / Bertold Hummel (9:53) -- Per Slava (1985/86) / Krzysztof Penderecki (5:33) -- Pilinszky János : Gérard de Nerval (1984) (1:38) ; In memoriam Aczél György (1991) (1:20) / György Kurtág -- Toccata capricciosa : for violoncello : op. 36 (1974-78) / Miklós Rózsa (6:48) -- Cretan suite : for violoncello solo (2016) / Efi Markoulaki (30:12) -- Elegie Sebastian Knight&apos;ille : op. 10 (1964) / Aulis Sallinen (4:44) -- Sonata for violoncello solo (1948/53) / György Ligeti (7:35).</subfield>
  </datafield>
  <datafield tag="650" ind1=" " ind2="0">
    <subfield code="a">Passacaglias (Cello)</subfield>
  </datafield>
  <datafield tag="650" ind1=" " ind2="0">
    <subfield code="a">Cello music.</subfield>
  </datafield>
  <datafield tag="650" ind1=" " ind2="0">
    <subfield code="a">Toccatas.</subfield>
  </datafield>
  <datafield tag="650" ind1=" " ind2="0">
    <subfield code="a">Suites (Cello)</subfield>
  </datafield>
  <datafield tag="650" ind1=" " ind2="0">
    <subfield code="a">Sonatas (Cello)</subfield>
  </datafield>
  <datafield tag="650" ind1=" " ind2="7">
    <subfield code="a">Cello music.</subfield>
    <subfield code="2">fast</subfield>
    <subfield code="0">(OCoLC)fst01860278</subfield>
  </datafield>
  <datafield tag="650" ind1=" " ind2="7">
    <subfield code="a">Passacaglias (Cello)</subfield>
    <subfield code="2">fast</subfield>
    <subfield code="0">(OCoLC)fst01863695</subfield>
  </datafield>
  <datafield tag="650" ind1=" " ind2="7">
    <subfield code="a">Sonatas (Cello)</subfield>
    <subfield code="2">fast</subfield>
    <subfield code="0">(OCoLC)fst01861423</subfield>
  </datafield>
  <datafield tag="650" ind1=" " ind2="7">
    <subfield code="a">Suites (Cello)</subfield>
    <subfield code="2">fast</subfield>
    <subfield code="0">(OCoLC)fst01861532</subfield>
  </datafield>
  <datafield tag="650" ind1=" " ind2="7">
    <subfield code="a">Toccatas.</subfield>
    <subfield code="2">fast</subfield>
    <subfield code="0">(OCoLC)fst01152041</subfield>
  </datafield>
  <datafield tag="655" ind1=" " ind2="7">
    <subfield code="a">Toccatas.</subfield>
    <subfield code="2">fast</subfield>
    <subfield code="0">(OCoLC)fst01920390</subfield>
  </datafield>
  <datafield tag="655" ind1=" " ind2="7">
    <subfield code="a">Passacaglias.</subfield>
    <subfield code="2">lcgft</subfield>
  </datafield>
  <datafield tag="655" ind1=" " ind2="7">
    <subfield code="a">Art music.</subfield>
    <subfield code="2">lcgft</subfield>
  </datafield>
  <datafield tag="655" ind1=" " ind2="7">
    <subfield code="a">Suites.</subfield>
    <subfield code="2">lcgft</subfield>
  </datafield>
  <datafield tag="655" ind1=" " ind2="7">
    <subfield code="a">Sonatas.</subfield>
    <subfield code="2">lcgft</subfield>
  </datafield>
  <datafield tag="655" ind1=" " ind2="7">
    <subfield code="a">Toccatas.</subfield>
    <subfield code="2">lcgft</subfield>
  </datafield>
  <datafield tag="655" ind1=" " ind2="7">
    <subfield code="a">Art music.</subfield>
    <subfield code="2">fast</subfield>
    <subfield code="0">(OCoLC)fst01920007</subfield>
  </datafield>
  <datafield tag="655" ind1=" " ind2="7">
    <subfield code="a">Passacaglias.</subfield>
    <subfield code="2">fast</subfield>
    <subfield code="0">(OCoLC)fst01920276</subfield>
  </datafield>
  <datafield tag="655" ind1=" " ind2="7">
    <subfield code="a">Sonatas.</subfield>
    <subfield code="2">fast</subfield>
    <subfield code="0">(OCoLC)fst01920363</subfield>
  </datafield>
  <datafield tag="655" ind1=" " ind2="7">
    <subfield code="a">Suites.</subfield>
    <subfield code="2">fast</subfield>
    <subfield code="0">(OCoLC)fst01726502</subfield>
  </datafield>
  <datafield tag="700" ind1="1" ind2=" ">
    <subfield code="a">Heupel, Michael,</subfield>
    <subfield code="d">1988-</subfield>
    <subfield code="e">instrumentalist.</subfield>
  </datafield>
  <datafield tag="700" ind1="1" ind2="2">
    <subfield code="i">Container of (work):</subfield>
    <subfield code="a">Walton, William,</subfield>
    <subfield code="d">1902-1983.</subfield>
    <subfield code="t">Passacaglias,</subfield>
    <subfield code="m">cello.</subfield>
  </datafield>
  <datafield tag="700" ind1="1" ind2="2">
    <subfield code="i">Container of (work):</subfield>
    <subfield code="a">Hummel, Bertold.</subfield>
    <subfield code="t">Fantasias,</subfield>
    <subfield code="m">cello,</subfield>
    <subfield code="n">no. 2, op. 97a.</subfield>
  </datafield>
  <datafield tag="700" ind1="1" ind2="2">
    <subfield code="i">Container of (work):</subfield>
    <subfield code="a">Penderecki, Krzysztof,</subfield>
    <subfield code="d">1933-</subfield>
    <subfield code="t">Per Slava.</subfield>
  </datafield>
  <datafield tag="700" ind1="1" ind2="2">
    <subfield code="i">Container of (work):</subfield>
    <subfield code="a">Kurtág, György.</subfield>
    <subfield code="t">Jelek, játékok és üzenetek,</subfield>
    <subfield code="m">cello.</subfield>
    <subfield code="p">Pilinszky János: Gérard de Nerval.</subfield>
  </datafield>
  <datafield tag="700" ind1="1" ind2="2">
    <subfield code="i">Container of (work):</subfield>
    <subfield code="a">Kurtág, György.</subfield>
    <subfield code="t">Jelek, játékok és üzenetek,</subfield>
    <subfield code="m">cello.</subfield>
    <subfield code="p">In memoriam Aczél György.</subfield>
  </datafield>
  <datafield tag="700" ind1="1" ind2="2">
    <subfield code="i">Container of (work):</subfield>
    <subfield code="a">Rózsa, Miklós,</subfield>
    <subfield code="d">1907-1995.</subfield>
    <subfield code="t">Toccata capricciosa.</subfield>
  </datafield>
  <datafield tag="700" ind1="1" ind2="2">
    <subfield code="i">Container of (work):</subfield>
    <subfield code="a">Markoulaki, Efi,</subfield>
    <subfield code="d">1960-</subfield>
    <subfield code="t">Cretan suite.</subfield>
  </datafield>
  <datafield tag="700" ind1="1" ind2="2">
    <subfield code="i">Container of (work):</subfield>
    <subfield code="a">Sallinen, Aulis.</subfield>
    <subfield code="t">Elegia Sebastian Knight&apos;ille.</subfield>
  </datafield>
  <datafield tag="700" ind1="1" ind2="2">
    <subfield code="i">Container of (work):</subfield>
    <subfield code="a">Ligeti, György,</subfield>
    <subfield code="d">1923-2006.</subfield>
    <subfield code="t">Sonatas,</subfield>
    <subfield code="m">cello.</subfield>
  </datafield>
</record>