
<record>
  <leader>07540cam a22003738i 4500</leader>
  <controlfield tag="001">20852454</controlfield>
  <controlfield tag="005">20200103140255.0</controlfield>
  <controlfield tag="008">190211s2019    ncu      b    001 0 eng c</controlfield>
  <datafield tag="906" ind1=" " ind2=" ">
    <subfield code="a">0</subfield>
    <subfield code="b">vip</subfield>
    <subfield code="c">orignew</subfield>
    <subfield code="d">1</subfield>
    <subfield code="e">ecip</subfield>
    <subfield code="f">20</subfield>
    <subfield code="g">y-gencatlg</subfield>
  </datafield>
  <datafield tag="925" ind1="0" ind2=" ">
    <subfield code="a">acquire</subfield>
    <subfield code="b">1 shelf copy</subfield>
    <subfield code="x">policy default</subfield>
  </datafield>
  <datafield tag="955" ind1=" " ind2=" ">
    <subfield code="a">NcD</subfield>
    <subfield code="w">xm07 2019-02-25</subfield>
    <subfield code="a">xn17 2019-07-22 1 copy rec&apos;d., to CIP ver.</subfield>
  </datafield>
  <datafield tag="010" ind1=" " ind2=" ">
    <subfield code="a">  2018042309</subfield>
  </datafield>
  <datafield tag="020" ind1=" " ind2=" ">
    <subfield code="a">9781478000112 (hardcover : alk. paper)</subfield>
  </datafield>
  <datafield tag="020" ind1=" " ind2=" ">
    <subfield code="a">9781478000303 (pbk. : alk. paper)</subfield>
  </datafield>
  <datafield tag="040" ind1=" " ind2=" ">
    <subfield code="a">NcD/DLC</subfield>
    <subfield code="b">eng</subfield>
    <subfield code="c">NcD</subfield>
    <subfield code="e">rda</subfield>
  </datafield>
  <datafield tag="042" ind1=" " ind2=" ">
    <subfield code="a">pcc</subfield>
  </datafield>
  <datafield tag="050" ind1="0" ind2="0">
    <subfield code="a">ML60.C53452</subfield>
    <subfield code="b">C47 2019</subfield>
  </datafield>
  <datafield tag="082" ind1="0" ind2="0">
    <subfield code="a">780.9/04</subfield>
    <subfield code="2">23</subfield>
  </datafield>
  <datafield tag="100" ind1="1" ind2=" ">
    <subfield code="a">Christgau, Robert,</subfield>
    <subfield code="e">author.</subfield>
  </datafield>
  <datafield tag="245" ind1="1" ind2="0">
    <subfield code="a">Book reports :</subfield>
    <subfield code="b">a music critic on his first love, which was reading /</subfield>
    <subfield code="c">Robert Christgau.</subfield>
  </datafield>
  <datafield tag="263" ind1=" " ind2=" ">
    <subfield code="a">1111</subfield>
  </datafield>
  <datafield tag="264" ind1=" " ind2="1">
    <subfield code="a">Durham :</subfield>
    <subfield code="b">Duke University Press,</subfield>
    <subfield code="c">2019.</subfield>
  </datafield>
  <datafield tag="300" ind1=" " ind2=" ">
    <subfield code="a">pages cm</subfield>
  </datafield>
  <datafield tag="336" ind1=" " ind2=" ">
    <subfield code="a">text</subfield>
    <subfield code="2">rdacontent</subfield>
  </datafield>
  <datafield tag="337" ind1=" " ind2=" ">
    <subfield code="a">unmediated</subfield>
    <subfield code="2">rdamedia</subfield>
  </datafield>
  <datafield tag="338" ind1=" " ind2=" ">
    <subfield code="a">volume</subfield>
    <subfield code="2">rdacarrier</subfield>
  </datafield>
  <datafield tag="504" ind1=" " ind2=" ">
    <subfield code="a">Includes bibliographical references and index.</subfield>
  </datafield>
  <datafield tag="505" ind1="0" ind2=" ">
    <subfield code="a">Collectibles -- The informer: John Leonard&apos;s when the kissing had to stop -- Advertisements for everybody else: Jonathan Lethem&apos;s the ecstasy of influence -- Democratic vistas: Dave Hickey&apos;s air guitar -- From blackface minstrelsy to track-and-hook -- In search of Jim Crow: why postmodern minstrelsy studies matter -- The old ethiopians at home: Ken Emerson&apos;s doo-dah! -- Before the blues: David Wondrich&apos;s stomp and swerve -- Rhythms of the universe: Ned Sublette&apos;s Cuba and its music -- Black melting pot: David B. Coplan&apos;s in township tonight! -- Bwana-acolyte in the favor bank: Banning Eyre&apos;s in griot time -- In the crucible of the party: Charles Keil et al. Bright Balkan morning -- Defining the folk: Benjamin Filene&apos;s romancing the folk -- Folking around: David Hajdu&apos;s positively 4th street -- Punk lives: Legs Mcneil and Gillian Mccain&apos;s please kill me -- Biography of a corporation: Nelson George&apos;s where did our love go? -- Hip-hop faces the world: Steven Hager&apos;s hip hop; David Toop&apos;s the rap attack; and Nelson George, Sally Banes, Susan Flinker, and Patty Romanowski&apos;s fresh -- Making out like gangsters: Preston Lauterbach&apos;s the chitlin circuit, Dan Charnas&apos;s the big -- Payback, ice-t&apos;s ice, and Tommy James&apos;s me, the mob, and music -- Money isn&apos;t everything: Fred Goodman&apos;s the mansion on the hill -- Mapping the earworm&apos;s genome: John Seabrook&apos;s the song machine -- Critical practice -- Beyond the symphonic quest: Susan Mcclary&apos;s feminine endings -- All in the tune family: Peter van Der Merwe&apos;s origins of the popular style -- Bel cantos: Henry Pleasants&apos;s the great American popular singers -- The country and the city: Charlie Gillett&apos;s the sound of the city -- Reflections of an aging rock critic: Jon Landau&apos;s it&apos;s too late to stop now -- Pioneer days: Kevin Avery&apos;s everything is an afterthought and Nona Willis Aronowitz&apos;s (ed.) -- Out of the vinyl deeps -- Impolite discourse: Jim Derogatis&apos;s let it blurt: the life and times of Lester Bangs -- America&apos;s greatest rock critic, Richard Meltzer&apos;s a whore jus like the rest, and Nick Tosches&apos;s. The Nick Tosches reader -- Journalism and/or criticism and/or musicology and/or sociology (and/or writing): Simon Frith -- Serious music: Robert Walser&apos;s running with the devil -- Minutes of . . . : William York&apos;s who&apos;s who in rock music -- The fanzine worldview, alphabetized: Ira A. Robbins&apos;s trouser press guide to new wave records -- Awesome: Simon Reynolds&apos;s blissed out -- Ingenuousness lost: James Miller&apos;s flowers in the dustbin -- Rock criticism lives: Jessica Hopper&apos;s the first collection of criticism by a living female rock critic -- Emo meets Trayvon Martin: Hanif Abdurraqib&apos;s they can&apos;t kill us until they kill us -- Lives in music inside and out -- Great book of fire: Nick Tosches&apos;s hellfire and Robert Palme&apos;s Jerry Lee Lewis rocks! -- That bad man, tough old huddie ledbetter: Charles Wolfe and Kip Lornell&apos;s the life and legend of leadbelly -- The impenetrable heroism of Sam Cooke: Peter Guralnick&apos;s dream boogie -- Bobby and dave: Bob Dylan&apos;s chronicles: volume one and Dave van Ronk&apos;s the mayor of Macdougal street -- Tell all: Ed Sanders&apos;s fug you and Samuel R. Delany&apos;s the motion of light in water -- King of the thrillseekers: Richard Hell&apos;s I dreamed i was a very clean tramp -- Lives saved, lives lost: Carrie Brownstein&apos;s hunger makes me a modern girl and Patti Smith&apos;s m train -- The cynic and the bloke: Rod Stewart&apos;s Rod: the autobiography and Donald Fagen&apos;s eminent hipsters -- His own shaman: RJ Smith&apos;s the one -- Spotlight on the queen: David Ritz&apos;s respect -- The realest thing you&apos;ve ever seen: Bruce Springsteen&apos;s born to run -- Fictions -- Writing for the people: George Orwell&apos;s 1984 -- A classic illustrated: R. Crumb&apos;s the book of genesis -- The hippie grows older: Richard Brautigan&apos;s sombrero fallout -- Comic GUrdjieffianism you can masturbate to: Marco Vassi&apos;s mind blower -- Porn yesterday: Walter Kendrick&apos;s the secret museum -- What pretentious white men are good for: Robert Coover&apos;s Gerald&apos;s party -- Impoverished how, exactly? Roddy Doyle&apos;s the woman who walked into doors -- Sustainable romance: Norman&apos;s Rush&apos;s mortals -- Derring-do scraping by: Michael Chabon&apos;s telegraph avenue -- Futures by the dozen: Bruce Sterling&apos;s holy fire -- Ya poet of the massa woods: Sandra Newman&apos;s the country of ice cream star -- A darker shade of noir: the indefatigable Walter Mosley -- Bohemia meets hegemony -- Épatant le bourgeoisie: Jerrold Seigel&apos;s bohemian Paris and T. J. Clark&apos;s the painting of modern life -- The village people: Christine Stansell&apos;s American moderns -- A slender hope for salvation: Charles Reich&apos;s the greening of America -- The lumpenhippie guru: Ed Sanders&apos;s the family -- Strait are the gates: Morris Dickstein&apos;s gates of Eden -- The little counterculture that could: Carol Brightman&apos;s sweet chaos -- The pop-boho connection, narrativized: Bernard F. Gendron&apos;s between Montmartre and the Mudd club -- Cursed and sainted seekers of the sexual century: John Heidenry&apos;s what wild ecstasy -- Bohemias lost and found: Ross Wetzsteon&apos;s republic of dreams, Richard Kostelanetz&apos;s Soho and Richard Lloyd&apos;s neo-bohemias -- Autobiography of a pain in the neck: Meredith Maran&apos;s what it&apos;s like to live now -- Culture meets capital -- Twentieth century limited: Marshall Berman&apos;s all that is solid melts into air -- Dialectical cricket: C. L. R. James&apos;s beyond a boundary -- Radical pluralist: Andrew Ross&apos;s no respect -- Inside the prosex wars: Nadine Strossen&apos;s defending pornography, Joanma Frueh&apos;s erotic -- Faculties, and Laura Kipnis&apos;s bound and gagged -- Growing up kept down: William Finnegan&apos;s cold new world -- The secret fundamentalists: Jeff Sharlet&apos;s the family -- Dark night of the quants: ten books about the financial crisis -- They bet your life: four books about hedge funds -- Living in a material world: Raymond Williams&apos;s long revolution -- With a god on his side: Terry Eagleton&apos;s culture and the death of god, culture, and materialism -- My friend Marshall: Marshall Berman&apos;s modernism in the streets.</subfield>
  </datafield>
  <datafield tag="650" ind1=" " ind2="0">
    <subfield code="a">Music</subfield>
    <subfield code="y">20th century</subfield>
    <subfield code="x">History and criticism.</subfield>
  </datafield>
  <datafield tag="650" ind1=" " ind2="0">
    <subfield code="a">Music</subfield>
    <subfield code="y">20th century</subfield>
    <subfield code="v">Book reviews.</subfield>
  </datafield>
  <datafield tag="650" ind1=" " ind2="0">
    <subfield code="a">Musical criticism.</subfield>
  </datafield>
  <datafield tag="776" ind1="0" ind2="8">
    <subfield code="i">Online version:</subfield>
    <subfield code="a">Christgau, Robert, author.</subfield>
    <subfield code="t">Book reports</subfield>
    <subfield code="d">Durham : Duke University Press, 2019</subfield>
    <subfield code="z">9781478002123</subfield>
    <subfield code="w">(DLC) 2019009267</subfield>
  </datafield>
  <datafield tag="963" ind1=" " ind2=" ">
    <subfield code="a">Venus Bradley; phone: 919-687-3646; fax: 919-688-1365; email: venus.bradley@dukeupress.edu; bc: venus.bradley@dukeupress.edu</subfield>
  </datafield>
  <datafield tag="985" ind1=" " ind2=" ">
    <subfield code="a">NcDCIP</subfield>
    <subfield code="d">2019-02-13</subfield>
  </datafield>
</record>