
<record>
  <leader>05736cam a22006371i 4500</leader>
  <controlfield tag="001">20857856</controlfield>
  <controlfield tag="005">20200103121316.0</controlfield>
  <controlfield tag="008">190219s2019    enka     b    001 0 eng d</controlfield>
  <datafield tag="906" ind1=" " ind2=" ">
    <subfield code="a">7</subfield>
    <subfield code="b">cbc</subfield>
    <subfield code="c">orignew</subfield>
    <subfield code="d">2</subfield>
    <subfield code="e">epcn</subfield>
    <subfield code="f">20</subfield>
    <subfield code="g">y-gencatlg</subfield>
  </datafield>
  <datafield tag="925" ind1="0" ind2=" ">
    <subfield code="a">acquire</subfield>
    <subfield code="b">2 shelf copies</subfield>
    <subfield code="x">policy default (ex.)</subfield>
  </datafield>
  <datafield tag="955" ind1=" " ind2=" ">
    <subfield code="b">re06 2019-12-18 z-processor</subfield>
    <subfield code="i">re06 2019-12-27 (telework)</subfield>
  </datafield>
  <datafield tag="010" ind1=" " ind2=" ">
    <subfield code="a">  2019934650</subfield>
  </datafield>
  <datafield tag="020" ind1=" " ind2=" ">
    <subfield code="a">9780198840404</subfield>
    <subfield code="q">hardback</subfield>
  </datafield>
  <datafield tag="035" ind1=" " ind2=" ">
    <subfield code="a">(OCoLC)on1089199902</subfield>
  </datafield>
  <datafield tag="040" ind1=" " ind2=" ">
    <subfield code="a">YDX</subfield>
    <subfield code="b">eng</subfield>
    <subfield code="c">YDX</subfield>
    <subfield code="e">rda</subfield>
    <subfield code="d">UKMGB</subfield>
    <subfield code="d">OCLCO</subfield>
    <subfield code="d">OCLCF</subfield>
    <subfield code="d">QGJ</subfield>
    <subfield code="d">YDXIT</subfield>
    <subfield code="d">OCLCO</subfield>
    <subfield code="d">OCLCQ</subfield>
    <subfield code="d">YDX</subfield>
    <subfield code="d">OCLCQ</subfield>
    <subfield code="d">DLC</subfield>
  </datafield>
  <datafield tag="042" ind1=" " ind2=" ">
    <subfield code="a">lccopycat</subfield>
  </datafield>
  <datafield tag="043" ind1=" " ind2=" ">
    <subfield code="a">n-us---</subfield>
    <subfield code="a">e-ur---</subfield>
  </datafield>
  <datafield tag="050" ind1="0" ind2="0">
    <subfield code="a">JK468.I6</subfield>
    <subfield code="b">T735 2019</subfield>
  </datafield>
  <datafield tag="082" ind1="0" ind2="4">
    <subfield code="a">327.1273009045</subfield>
    <subfield code="2">23</subfield>
  </datafield>
  <datafield tag="100" ind1="1" ind2=" ">
    <subfield code="a">Tromly, Benjamin,</subfield>
    <subfield code="d">1976-</subfield>
    <subfield code="e">author.</subfield>
    <subfield code="4">aut</subfield>
  </datafield>
  <datafield tag="245" ind1="1" ind2="0">
    <subfield code="a">Cold War Exiles and the CIA :</subfield>
    <subfield code="b">plotting to free Russia /</subfield>
    <subfield code="c">Benjamin Tromly.</subfield>
  </datafield>
  <datafield tag="250" ind1=" " ind2=" ">
    <subfield code="a">First edition.</subfield>
  </datafield>
  <datafield tag="264" ind1=" " ind2="1">
    <subfield code="a">Oxford :</subfield>
    <subfield code="b">Oxford University Press,</subfield>
    <subfield code="c">2019.</subfield>
  </datafield>
  <datafield tag="300" ind1=" " ind2=" ">
    <subfield code="a">xv, 329 pages :</subfield>
    <subfield code="b">illustrations (black and white) ;</subfield>
    <subfield code="c">24 cm</subfield>
  </datafield>
  <datafield tag="336" ind1=" " ind2=" ">
    <subfield code="a">text</subfield>
    <subfield code="b">txt</subfield>
    <subfield code="2">rdacontent</subfield>
  </datafield>
  <datafield tag="336" ind1=" " ind2=" ">
    <subfield code="a">still image</subfield>
    <subfield code="b">sti</subfield>
    <subfield code="2">rdacontent</subfield>
  </datafield>
  <datafield tag="337" ind1=" " ind2=" ">
    <subfield code="a">unmediated</subfield>
    <subfield code="b">n</subfield>
    <subfield code="2">rdamedia</subfield>
  </datafield>
  <datafield tag="338" ind1=" " ind2=" ">
    <subfield code="a">volume</subfield>
    <subfield code="b">nc</subfield>
    <subfield code="2">rdacarrier</subfield>
  </datafield>
  <datafield tag="504" ind1=" " ind2=" ">
    <subfield code="a">Includes bibliographical references and index.</subfield>
  </datafield>
  <datafield tag="505" ind1="0" ind2=" ">
    <subfield code="a">Cover; Cold War Exiles and the CIA: Plotting to Free Russia; Copyright; Dedication; Acknowledgments; Contents; List of Figures; List of Abbreviations; Note on Transliteration and Russian Names; Introduction; An Anti-Communist Troika: Russian Exiles, Americans, and Germans; The Secret War: Spy Services and the Émigrés; Piecing Together Mayhem: Methodologies; PART I: THE MANY FACES OF RUSSIAN ANTI-COMMUNISM; 1: A Fissile National Community: The Political World of Russian Émigrés; The First Wave: The Whites; The Old Socialists; The Vlasovites; The Solidarists</subfield>
  </datafield>
  <datafield tag="505" ind1="8" ind2=" ">
    <subfield code="a">2: &quot;A Political Maze Based on the Shifting Sands&quot;: The Vlasov Movement and the Gehlen Organization in postwar GermanyOut from the Shadows; Operation Rusty and Émigré Espionage; The Specter of Betrayal; The Kremlin&apos;s Fascist; 3: Socialists and Vlasovites: War Memories and a Troubled Cross-Continental Encounter; Finding the New Russian Democrats; Historical Visions; The Narrative Comes Apart; Back to 1917; PART II: THE TRANSNATIONAL QUEST FOR RUSSIAN LIBERATION; 4: American Visions and Émigré Realities: The American Project to Unify the Russian Exiles</subfield>
  </datafield>
  <datafield tag="505" ind1="8" ind2=" ">
    <subfield code="a">The Classroom, the Embassy, and the EmigrationGeneral Vlasov Goes to Washington; The NTS: Revolutionary Simulation; The Fight for the Mantle of Democracy; A Monarchist Plot and a Convoluted End Game; 5: Builders and Dissectors: Émigré Unification and the Russian Question; Russia of Yesteryear; The Veil Drops: Amcomlib and the Exiles; Dissecting Russia: the Wiesbaden Conference; Prolonged Agony: The Unity Campaign Re-doubled; 6: Reluctant Chieftains: The Ascendance of the American Committee for Liberation from Bolshevism; Death Throes of the United Front</subfield>
  </datafield>
  <datafield tag="505" ind1="8" ind2=" ">
    <subfield code="a">The Munich Institute and Amcomlib Institution-BuildingRadio Liberation and the Phantom Center; The Changing Soviet Landscape; PART III: THE CIA OPERATIONAL FRONT; 7: From Revolution to Provocation: The NTS and CIA Covert Operations; Subversive Adventures; The Solidarists Divided; From Revolution to Cold War &quot;Bogeyism&quot;; 8: Spies, Sex, and Balloons: Émigré Activities in Divided Berlin; Stirring the Berlin Cauldron; Exile Inroads into the Soviet Bloc; Seducing the Enemy; Ninety-Nine Exile Balloons; 9: The Real Anti-Soviet Russians?: Soviet Defectors and the Cold War; Defectors: Myth and Reality</subfield>
  </datafield>
  <datafield tag="505" ind1="8" ind2=" ">
    <subfield code="a">Defectors as Objects of Government Planning and PhilanthropyThe Defector-Émigré Encounter; America&apos;s Defector Party; PART IV: THE END OF THE AFFAIR: The Decline of Émigré Anti-Communism; 10: &quot;All Will Be Forgiven&quot;: The Soviet Campaign for Return to the Homeland; The Return Campaign as &quot;Psy-Op&quot;; The Spectacle of Return; The Struggle for Georgii Il&apos;ich Antonov; Losing the Exiles? The Return Campaign and American Power; 11: Unreliable Allies: The German Crucible and Russian Anti-Communism; A Transnational Charm Offensive: Russian Anti-Communists and West German Elites</subfield>
  </datafield>
  <datafield tag="500" ind1=" " ind2=" ">
    <subfield code="a">Tepid Supporters: Russian Anti-Communism and the German State</subfield>
  </datafield>
  <datafield tag="520" ind1=" " ind2=" ">
    <subfield code="a">At the height of the Cold War, as part of an effort to weaken the Soviet Union, the United States government recruited Russian exiles in the hope that they would be a powerful weapon in the American secret war. The CIA directed these uprooted citizens to carry out propaganda, espionage, and subversion operations, but with unpredictable outcomes.</subfield>
  </datafield>
  <datafield tag="610" ind1="1" ind2="0">
    <subfield code="a">United States.</subfield>
    <subfield code="b">Central Intelligence Agency</subfield>
    <subfield code="x">History</subfield>
    <subfield code="y">20th century.</subfield>
  </datafield>
  <datafield tag="650" ind1=" " ind2="0">
    <subfield code="a">Russians</subfield>
    <subfield code="z">United States</subfield>
    <subfield code="x">History</subfield>
    <subfield code="y">20th century.</subfield>
  </datafield>
  <datafield tag="650" ind1=" " ind2="0">
    <subfield code="a">Cold War</subfield>
    <subfield code="x">Influence.</subfield>
  </datafield>
  <datafield tag="650" ind1=" " ind2="0">
    <subfield code="a">Exiles</subfield>
    <subfield code="z">United States</subfield>
    <subfield code="x">History</subfield>
    <subfield code="y">20th century.</subfield>
  </datafield>
  <datafield tag="650" ind1=" " ind2="0">
    <subfield code="a">Exiles</subfield>
    <subfield code="z">Soviet Union.</subfield>
  </datafield>
  <datafield tag="650" ind1=" " ind2="0">
    <subfield code="a">Espionage, American</subfield>
    <subfield code="x">History</subfield>
    <subfield code="y">20th century.</subfield>
  </datafield>
  <datafield tag="651" ind1=" " ind2="0">
    <subfield code="a">United States</subfield>
    <subfield code="x">Foreign relations</subfield>
    <subfield code="z">Russia.</subfield>
  </datafield>
  <datafield tag="651" ind1=" " ind2="0">
    <subfield code="a">Russia</subfield>
    <subfield code="x">Foreign relations</subfield>
    <subfield code="z">United States.</subfield>
  </datafield>
  <datafield tag="610" ind1="1" ind2="7">
    <subfield code="a">United States.</subfield>
    <subfield code="b">Central Intelligence Agency.</subfield>
    <subfield code="2">fast</subfield>
    <subfield code="0">(OCoLC)fst00536259</subfield>
  </datafield>
  <datafield tag="611" ind1="2" ind2="7">
    <subfield code="a">Cold War (1945-1989)</subfield>
    <subfield code="2">fast</subfield>
    <subfield code="0">(OCoLC)fst01754978</subfield>
  </datafield>
  <datafield tag="650" ind1=" " ind2="7">
    <subfield code="a">Diplomatic relations.</subfield>
    <subfield code="2">fast</subfield>
    <subfield code="0">(OCoLC)fst01907412</subfield>
  </datafield>
  <datafield tag="650" ind1=" " ind2="7">
    <subfield code="a">Espionage, American.</subfield>
    <subfield code="2">fast</subfield>
    <subfield code="0">(OCoLC)fst00915388</subfield>
  </datafield>
  <datafield tag="650" ind1=" " ind2="7">
    <subfield code="a">Exiles.</subfield>
    <subfield code="2">fast</subfield>
    <subfield code="0">(OCoLC)fst00918139</subfield>
  </datafield>
  <datafield tag="650" ind1=" " ind2="7">
    <subfield code="a">Russians.</subfield>
    <subfield code="2">fast</subfield>
    <subfield code="0">(OCoLC)fst01102429</subfield>
  </datafield>
  <datafield tag="650" ind1=" " ind2="7">
    <subfield code="a">War</subfield>
    <subfield code="x">Influence.</subfield>
    <subfield code="2">fast</subfield>
    <subfield code="0">(OCoLC)fst01170343</subfield>
  </datafield>
  <datafield tag="651" ind1=" " ind2="7">
    <subfield code="a">Russia.</subfield>
    <subfield code="2">fast</subfield>
    <subfield code="0">(OCoLC)fst01207312</subfield>
  </datafield>
  <datafield tag="651" ind1=" " ind2="7">
    <subfield code="a">Soviet Union.</subfield>
    <subfield code="2">fast</subfield>
    <subfield code="0">(OCoLC)fst01210281</subfield>
  </datafield>
  <datafield tag="651" ind1=" " ind2="7">
    <subfield code="a">United States.</subfield>
    <subfield code="2">fast</subfield>
    <subfield code="0">(OCoLC)fst01204155</subfield>
  </datafield>
  <datafield tag="648" ind1=" " ind2="7">
    <subfield code="a">1900-1999</subfield>
    <subfield code="2">fast</subfield>
  </datafield>
  <datafield tag="655" ind1=" " ind2="7">
    <subfield code="a">History.</subfield>
    <subfield code="2">fast</subfield>
    <subfield code="0">(OCoLC)fst01411628</subfield>
  </datafield>
</record>