
<record>
  <leader>02240cam a2200337 i 4500</leader>
  <controlfield tag="001">20860080</controlfield>
  <controlfield tag="005">20200103063724.0</controlfield>
  <controlfield tag="008">190221s2019    maua          001 0 eng  </controlfield>
  <datafield tag="906" ind1=" " ind2=" ">
    <subfield code="a">7</subfield>
    <subfield code="b">cbc</subfield>
    <subfield code="c">orignew</subfield>
    <subfield code="d">1</subfield>
    <subfield code="e">ecip</subfield>
    <subfield code="f">20</subfield>
    <subfield code="g">y-gencatlg</subfield>
  </datafield>
  <datafield tag="925" ind1="0" ind2=" ">
    <subfield code="a">acquire</subfield>
    <subfield code="b">1 shelf copy</subfield>
    <subfield code="x">policy default</subfield>
  </datafield>
  <datafield tag="955" ind1=" " ind2=" ">
    <subfield code="b">rb07 2019-02-21</subfield>
    <subfield code="c">rb07 2019-02-21</subfield>
    <subfield code="d">re23 2019-04-08 (telework) to SL</subfield>
    <subfield code="e">re24 2019-04-12 to Dewey</subfield>
    <subfield code="w">xm08 2019-04-12 (telework)</subfield>
    <subfield code="a">xn11 2019-07-03 1 copy rec&apos;d., to CIP ver.</subfield>
    <subfield code="f">rl02 2019-07-16 to CALM</subfield>
  </datafield>
  <datafield tag="010" ind1=" " ind2=" ">
    <subfield code="a">  2019000816</subfield>
  </datafield>
  <datafield tag="020" ind1=" " ind2=" ">
    <subfield code="a">9781635862195</subfield>
    <subfield code="q">(library edition ;</subfield>
    <subfield code="q">alk. paper)</subfield>
  </datafield>
  <datafield tag="020" ind1=" " ind2=" ">
    <subfield code="a">9781635860221</subfield>
    <subfield code="q">(pbk. ;</subfield>
    <subfield code="q">alk. paper)</subfield>
  </datafield>
  <datafield tag="040" ind1=" " ind2=" ">
    <subfield code="a">DLC</subfield>
    <subfield code="b">eng</subfield>
    <subfield code="c">DLC</subfield>
    <subfield code="e">rda</subfield>
    <subfield code="d">DLC</subfield>
  </datafield>
  <datafield tag="042" ind1=" " ind2=" ">
    <subfield code="a">pcc</subfield>
  </datafield>
  <datafield tag="050" ind1="0" ind2="0">
    <subfield code="a">QH51</subfield>
    <subfield code="b">.F734 2019</subfield>
  </datafield>
  <datafield tag="082" ind1="0" ind2="0">
    <subfield code="a">508</subfield>
    <subfield code="2">23</subfield>
  </datafield>
  <datafield tag="100" ind1="1" ind2=" ">
    <subfield code="a">Franklin, Devin,</subfield>
    <subfield code="e">author.</subfield>
  </datafield>
  <datafield tag="245" ind1="1" ind2="0">
    <subfield code="a">Put on your owl eyes :</subfield>
    <subfield code="b">open your senses &amp; discover nature&apos;s secrets : mapping, tracking &amp; journaling activities /</subfield>
    <subfield code="c">By Devin Franklin.</subfield>
  </datafield>
  <datafield tag="264" ind1=" " ind2="1">
    <subfield code="a">North Adams, Massachusetts :</subfield>
    <subfield code="b">Storey Publishing,</subfield>
    <subfield code="c">[2019]</subfield>
  </datafield>
  <datafield tag="300" ind1=" " ind2=" ">
    <subfield code="a">136 pages :</subfield>
    <subfield code="b">illustrations (chiefly color) ;</subfield>
    <subfield code="c">24 cm</subfield>
  </datafield>
  <datafield tag="336" ind1=" " ind2=" ">
    <subfield code="a">text</subfield>
    <subfield code="b">txt</subfield>
    <subfield code="2">rdacontent</subfield>
  </datafield>
  <datafield tag="337" ind1=" " ind2=" ">
    <subfield code="a">unmediated</subfield>
    <subfield code="b">n</subfield>
    <subfield code="2">rdamedia</subfield>
  </datafield>
  <datafield tag="338" ind1=" " ind2=" ">
    <subfield code="a">volume</subfield>
    <subfield code="b">nc</subfield>
    <subfield code="2">rdacarrier</subfield>
  </datafield>
  <datafield tag="500" ind1=" " ind2=" ">
    <subfield code="a">Includes index.</subfield>
  </datafield>
  <datafield tag="505" ind1="0" ind2=" ">
    <subfield code="a">Introduction -- Discovering a bigger backyard -- Exploration 1: sit spot -- Exploration 2: wandering -- Exploration 3: mapping -- Your backyard trees -- Exploration 4: expanding the senses -- Exploration 5: exploring field guides -- Exploration 6: mind&apos;s eye imagining -- Your backyard mammals -- Exploration 7: fox feet -- Exploration 8: questioning -- Exploration 9: tracking -- Your backyard birds -- Exploration 10: owl eyes -- Exploration 11: deer ears -- Exploration 12: bird language -- Your backyard community -- Exploration 13: journaling -- Exploration 14: story of the day -- Exploration 15: giving thanks -- Your backyard journey continues -- Closing story: the barred owl -- The backyard quiz, revisited.</subfield>
  </datafield>
  <datafield tag="521" ind1="2" ind2=" ">
    <subfield code="a">Age 8-13.</subfield>
  </datafield>
  <datafield tag="650" ind1=" " ind2="0">
    <subfield code="a">Nature study</subfield>
    <subfield code="v">Juvenile literature.</subfield>
  </datafield>
  <datafield tag="650" ind1=" " ind2="0">
    <subfield code="a">Nature study</subfield>
    <subfield code="x">Activity programs</subfield>
    <subfield code="v">Juvenile literature.</subfield>
  </datafield>
  <datafield tag="776" ind1="0" ind2="8">
    <subfield code="i">Online version:</subfield>
    <subfield code="a">Franklin, Devin, author.</subfield>
    <subfield code="t">Put on your owl eyes</subfield>
    <subfield code="d">North Adams, Massachusetts : Storey Publishing, [2019]</subfield>
    <subfield code="z">9781635860238</subfield>
    <subfield code="w">(DLC) 2019017845</subfield>
  </datafield>
</record>