
<record>
  <leader>01378cam a22001695i 4500</leader>
  <controlfield tag="001">20868985</controlfield>
  <controlfield tag="005">20200103104431.0</controlfield>
  <controlfield tag="008">190227s        xxu           000 0 eng  </controlfield>
  <datafield tag="906" ind1=" " ind2=" ">
    <subfield code="a">0</subfield>
    <subfield code="b">ibc</subfield>
    <subfield code="c">orignew</subfield>
    <subfield code="d">*</subfield>
    <subfield code="e">ncip</subfield>
    <subfield code="f">20</subfield>
    <subfield code="g">y-gencatlg</subfield>
  </datafield>
  <datafield tag="925" ind1="0" ind2=" ">
    <subfield code="a">acquire</subfield>
    <subfield code="b">1 shelf copy</subfield>
    <subfield code="x">policy default</subfield>
  </datafield>
  <datafield tag="955" ind1=" " ind2=" ">
    <subfield code="b">hh15 2019-02-27 to MBRS</subfield>
  </datafield>
  <datafield tag="040" ind1=" " ind2=" ">
    <subfield code="a">DLC</subfield>
    <subfield code="b">eng</subfield>
    <subfield code="e">rda</subfield>
    <subfield code="c">DLC</subfield>
  </datafield>
  <datafield tag="042" ind1=" " ind2=" ">
    <subfield code="a">pcc</subfield>
  </datafield>
  <datafield tag="245" ind1="1" ind2="4">
    <subfield code="a">The Larry Adler Jazz at the Smithsonian 10th Anniversary Collection.</subfield>
  </datafield>
  <datafield tag="300" ind1=" " ind2=" ">
    <subfield code="a">353 audio &amp; video materials</subfield>
  </datafield>
  <datafield tag="500" ind1=" " ind2=" ">
    <subfield code="a">The Larry Adler Jazz at the Smithsonian 10th Anniversary Collection.    Production and master tape library created by Adler Enterprises for eight PBS television and four NPR radio programs produced from eight classic Smithsonian jazz concerts held to in 1981 and 1982 to celebrate the 10th Anniversary Celebration of the Jazz at the Smithsonian program. The eight featured artists were Art Blakey, Bob Wilber, Benny Carter, Red Norvo, Alberta Hunter, Art Farmer, Joe Williams and Mel Lewis. The collection includes masters and protection masters in a variety of media, as well as all signed contracts, a complete history of all clearances, and a full record of all licensing and usage agreements.  (30 linear feet of video materials, five linear feet of audio materials, and five linear feet of paper materials)</subfield>
  </datafield>
  <datafield tag="923" ind1=" " ind2=" ">
    <subfield code="a">Gift</subfield>
    <subfield code="d">20190227</subfield>
    <subfield code="i">Folder filed under: Adler, Larry</subfield>
    <subfield code="n">343610</subfield>
    <subfield code="s">Larry Adler</subfield>
  </datafield>
</record>