
<record>
  <leader>02750cam a22003615i 4500</leader>
  <controlfield tag="001">20877111</controlfield>
  <controlfield tag="005">20200103153310.0</controlfield>
  <controlfield tag="008">190305s2018    sp            000 0 cat  </controlfield>
  <datafield tag="906" ind1=" " ind2=" ">
    <subfield code="a">0</subfield>
    <subfield code="b">ibc</subfield>
    <subfield code="c">orignew</subfield>
    <subfield code="d">3</subfield>
    <subfield code="e">ncip</subfield>
    <subfield code="f">20</subfield>
    <subfield code="g">y-gencatlg</subfield>
  </datafield>
  <datafield tag="925" ind1="0" ind2=" ">
    <subfield code="a">acquire</subfield>
    <subfield code="b">1 shelf copy</subfield>
    <subfield code="x">policy default</subfield>
  </datafield>
  <datafield tag="955" ind1=" " ind2=" ">
    <subfield code="b">be25 2019-03-05</subfield>
    <subfield code="a">be13 2020-01-03</subfield>
  </datafield>
  <datafield tag="010" ind1=" " ind2=" ">
    <subfield code="a">  2018488303</subfield>
  </datafield>
  <datafield tag="020" ind1=" " ind2=" ">
    <subfield code="a">9788499654232</subfield>
  </datafield>
  <datafield tag="040" ind1=" " ind2=" ">
    <subfield code="a">DLC</subfield>
    <subfield code="b">eng</subfield>
    <subfield code="e">rda</subfield>
    <subfield code="c">DLC</subfield>
  </datafield>
  <datafield tag="042" ind1=" " ind2=" ">
    <subfield code="a">pcc</subfield>
  </datafield>
  <datafield tag="097" ind1=" " ind2="4">
    <subfield code="a">PC3814</subfield>
    <subfield code="b">.I57 2018</subfield>
  </datafield>
  <datafield tag="110" ind1="2" ind2=" ">
    <subfield code="a">Institut d&apos;Estudis Catalans.</subfield>
    <subfield code="b">Secció Filològica.</subfield>
  </datafield>
  <datafield tag="245" ind1="1" ind2="0">
    <subfield code="a">Documents de la secció Filològica, V.</subfield>
  </datafield>
  <datafield tag="250" ind1=" " ind2=" ">
    <subfield code="a">Primera edició.</subfield>
  </datafield>
  <datafield tag="264" ind1=" " ind2="1">
    <subfield code="a">Barcelona :</subfield>
    <subfield code="b">Institut d&apos;Estudis Catalans,</subfield>
    <subfield code="c">setembre del 2018.</subfield>
  </datafield>
  <datafield tag="300" ind1=" " ind2=" ">
    <subfield code="a">154 pages ;</subfield>
    <subfield code="c">24 cm.</subfield>
  </datafield>
  <datafield tag="336" ind1=" " ind2=" ">
    <subfield code="a">text</subfield>
    <subfield code="b">txt</subfield>
    <subfield code="2">rdacontent</subfield>
  </datafield>
  <datafield tag="337" ind1=" " ind2=" ">
    <subfield code="a">unmediated</subfield>
    <subfield code="b">n</subfield>
    <subfield code="2">rdamedia</subfield>
  </datafield>
  <datafield tag="338" ind1=" " ind2=" ">
    <subfield code="a">volume</subfield>
    <subfield code="b">nc</subfield>
    <subfield code="2">rdacarrier</subfield>
  </datafield>
  <datafield tag="490" ind1="0" ind2=" ">
    <subfield code="a">Biblioteca Filològica ;</subfield>
    <subfield code="v">84</subfield>
  </datafield>
  <datafield tag="504" ind1=" " ind2=" ">
    <subfield code="a">Includes bibliographical references.</subfield>
  </datafield>
  <datafield tag="505" ind1="0" ind2=" ">
    <subfield code="a">Presentació -- Documents per a l&apos;elaboració del nou diccionari normatiu -- I. Acord de la Secció Filològica sobre el model de llengua (Acord del 2 de juliol de 2010) -- II. Criteri per al tractament de la variació dialectal en el nou diccionari normatiu (Acord de l&apos;1 de juliol de 2011) -- III. Criteri per al tractament de la variació funcional en el nou diccionari normatiu (Acord del 18 de maig de 2012) -- Documents sobre normativa -- IV. Sobre la variació i la prescripció en els orientacions normatives de la Secció Filològica (Acord del 10 de març de 2017) -- Documents de toponímia -- V. Llista dels noms dels països (Acord del 26 de novembre de 2010) -- VI. Llista de noms de territoris sense estat (Acord del 13 de maig de 2011) -- VII. Llista de noms de les províncies de l&apos;Estat espanyol (Acord del 13 de maig de 2011) -- VIII. Transcripció i normativització toponímica. Nomenclàtor toponímic de les Illes Balears (Acords del 13 de maig i de l&apos;1 de juliol de 2016) -- Document sobre el tractament de les llengües estrangeres -- IX. Proposta sobre el sistema de transcripció i transliteració dels noms russos al català (Acord del 13 de novembre de 2015) -- Manifestos i declaracions -- X. L&apos;ús social de la llengua catalana (Document aprovat pel Ple de l&apos;Institut el 21 d&apos;octubre de 2004) -- XI. Declaració sobre la denominació de la llengua catalana (Document aprovat pel Ple de l&apos;Institut el 28 de febrer de 2006).</subfield>
  </datafield>
  <datafield tag="650" ind1=" " ind2="0">
    <subfield code="a">Catalan language</subfield>
    <subfield code="x">Standardization.</subfield>
  </datafield>
  <datafield tag="650" ind1=" " ind2="7">
    <subfield code="a">Catalan language</subfield>
    <subfield code="x">Standardization.</subfield>
    <subfield code="2">fast</subfield>
    <subfield code="0">(OCoLC)fst00848585</subfield>
  </datafield>
  <datafield tag="650" ind1="0" ind2="7">
    <subfield code="a">Catalan language</subfield>
    <subfield code="x">Normalization</subfield>
    <subfield code="2">embucm</subfield>
  </datafield>
  <datafield tag="650" ind1="0" ind2="7">
    <subfield code="a">Lengua catalana</subfield>
    <subfield code="x">Normalización</subfield>
    <subfield code="2">embucm</subfield>
  </datafield>
  <datafield tag="650" ind1=" " ind2="7">
    <subfield code="a">Català</subfield>
    <subfield code="x">Normalització.</subfield>
    <subfield code="2">lemac</subfield>
  </datafield>
  <datafield tag="923" ind1=" " ind2=" ">
    <subfield code="d">20190227</subfield>
    <subfield code="s">93003054</subfield>
  </datafield>
</record>