
<record>
  <leader>04670cam a22004098i 4500</leader>
  <controlfield tag="001">20881208</controlfield>
  <controlfield tag="005">20200103094314.0</controlfield>
  <controlfield tag="008">190308s2019    vtu      b    001 0 eng  </controlfield>
  <datafield tag="906" ind1=" " ind2=" ">
    <subfield code="a">0</subfield>
    <subfield code="b">vip</subfield>
    <subfield code="c">orignew</subfield>
    <subfield code="d">1</subfield>
    <subfield code="e">ecip</subfield>
    <subfield code="f">20</subfield>
    <subfield code="g">y-gencatlg</subfield>
  </datafield>
  <datafield tag="925" ind1="0" ind2=" ">
    <subfield code="a">acquire</subfield>
    <subfield code="b">1 shelf copy</subfield>
    <subfield code="x">policy default</subfield>
  </datafield>
  <datafield tag="955" ind1=" " ind2=" ">
    <subfield code="b">rl11 2019-03-08</subfield>
    <subfield code="i">rl11 2019-03-08 ONIX</subfield>
    <subfield code="a">rl11 2019-03-12 to Dewey</subfield>
    <subfield code="w">xm08 2019-03-15 (telework)</subfield>
    <subfield code="a">xn11 2020-01-03 1 copy rec&apos;d., to CIP ver.</subfield>
  </datafield>
  <datafield tag="010" ind1=" " ind2=" ">
    <subfield code="a">  2019011001</subfield>
  </datafield>
  <datafield tag="020" ind1=" " ind2=" ">
    <subfield code="a">9781620558713 (paperback)</subfield>
  </datafield>
  <datafield tag="020" ind1=" " ind2=" ">
    <subfield code="z">9781620558720 (ebook)</subfield>
  </datafield>
  <datafield tag="040" ind1=" " ind2=" ">
    <subfield code="a">DLC</subfield>
    <subfield code="b">eng</subfield>
    <subfield code="c">DLC</subfield>
    <subfield code="e">rda</subfield>
  </datafield>
  <datafield tag="042" ind1=" " ind2=" ">
    <subfield code="a">pcc</subfield>
  </datafield>
  <datafield tag="050" ind1="0" ind2="0">
    <subfield code="a">RM666.A68</subfield>
    <subfield code="b">G634 2019</subfield>
  </datafield>
  <datafield tag="082" ind1="0" ind2="0">
    <subfield code="a">615.3/219</subfield>
    <subfield code="2">23</subfield>
  </datafield>
  <datafield tag="084" ind1=" " ind2=" ">
    <subfield code="a">HEA029000</subfield>
    <subfield code="a">HEA032000</subfield>
    <subfield code="a">HEA009000</subfield>
    <subfield code="2">bisacsh</subfield>
  </datafield>
  <datafield tag="100" ind1="1" ind2=" ">
    <subfield code="a">Godfrey, Heather Dawn,</subfield>
    <subfield code="e">author.</subfield>
  </datafield>
  <datafield tag="245" ind1="1" ind2="0">
    <subfield code="a">Essential oils for the whole body :</subfield>
    <subfield code="b">the dynamics of topical application and absorption /</subfield>
    <subfield code="c">Heather Dawn Godfrey, PGCE, BSc.</subfield>
  </datafield>
  <datafield tag="263" ind1=" " ind2=" ">
    <subfield code="a">1111</subfield>
  </datafield>
  <datafield tag="264" ind1=" " ind2="1">
    <subfield code="a">Rochester, Vermont :</subfield>
    <subfield code="b">Healing Arts Press,</subfield>
    <subfield code="c">[2019]</subfield>
  </datafield>
  <datafield tag="300" ind1=" " ind2=" ">
    <subfield code="a">pages cm</subfield>
  </datafield>
  <datafield tag="336" ind1=" " ind2=" ">
    <subfield code="a">text</subfield>
    <subfield code="b">txt</subfield>
    <subfield code="2">rdacontent</subfield>
  </datafield>
  <datafield tag="337" ind1=" " ind2=" ">
    <subfield code="a">unmediated</subfield>
    <subfield code="b">n</subfield>
    <subfield code="2">rdamedia</subfield>
  </datafield>
  <datafield tag="338" ind1=" " ind2=" ">
    <subfield code="a">volume</subfield>
    <subfield code="b">nc</subfield>
    <subfield code="2">rdacarrier</subfield>
  </datafield>
  <datafield tag="520" ind1=" " ind2=" ">
    <subfield code="a">&quot;A practical guide to the topical application of essential oils for physical and emotional health and healing. Provides in-depth profiles of 15 essential oils that form a safe and effective &quot;tool kit&quot; for treating a broad range of ailments and conditions. Examines the body&apos;s many absorption pathways and how applying essential oils in different locations has specific influences on the body&apos;s systems. Offers guidelines for safe application, including recommendations for children and the elderly, along with easy-to-use charts to select the appropriate oil for each situation.Well known for their aromatherapy applications, essential oils also have outstanding healing abilities when absorbed through the skin. Applied topically they work well for wound healing, arthritis, inflammation, and skin conditions. Because all of the cells in the body are interconnected, they also affect underlying organs, systems, and soft tissues, influencing hormone release, gently relieving pain and stress, and offering antimicrobial protection against pathogens, viruses, and bacteria.  Focusing on 15 essential oils that form a safe and effective &quot;tool kit&quot; for treating a broad range of ailments and conditions, from acne, anxiety, and asthma to psoriasis, diabetes, and painful periods, Heather Dawn Godfrey explores how these essential oils complement and support each other&apos;s healing properties and can be blended together to offer dynamic, customizable treatments for each unique individual. She examines the body&apos;s many absorption pathways, explaining how even the internal organs have odor receptors and how applying essential oils in different locations has specific influences on the body&apos;s systems. Offering guidelines for safe application, including recommendations for children and the elderly, the author provides easy-to-reference charts and tables to select the appropriate oil or oils for each situation, and she explains which essential oils should be avoided during pregnancy and by those with specific conditions such as melanoma.  Presenting scientific profiles for the 15 main essential oils discussed, Godfrey also explores complementary therapies that increase the effectiveness of essential oils, including Ayurveda and Chinese medicine, and she details the colors, chakras, gemstones, and crystals that correspond with each oil. She provides recipes for proper dilution and the best carrier mediums, including creams, compresses, lotions, and ointments.  Written for both healthcare professionals and for self-care, this hands-on guide will allow you to effectively treat acute and chronic conditions as well as incorporate essential oils into daily life for physical, emotional, and spiritual well-being&quot;--</subfield>
    <subfield code="c">Provided by publisher.</subfield>
  </datafield>
  <datafield tag="520" ind1=" " ind2=" ">
    <subfield code="a">&quot;A practical guide to the topical application of essential oils for physical and emotional health and healing&quot;--Provided by publisher&quot;--</subfield>
    <subfield code="c">Provided by publisher.</subfield>
  </datafield>
  <datafield tag="504" ind1=" " ind2=" ">
    <subfield code="a">Includes bibliographical references and index.</subfield>
  </datafield>
  <datafield tag="650" ind1=" " ind2="0">
    <subfield code="a">Aromatherapy.</subfield>
  </datafield>
  <datafield tag="650" ind1=" " ind2="0">
    <subfield code="a">Essences and essential oils</subfield>
    <subfield code="x">Therapeutic use.</subfield>
  </datafield>
  <datafield tag="650" ind1=" " ind2="7">
    <subfield code="a">HEALTH &amp; FITNESS / Aromatherapy.</subfield>
    <subfield code="2">bisacsh</subfield>
  </datafield>
  <datafield tag="650" ind1=" " ind2="7">
    <subfield code="a">HEALTH &amp; FITNESS / Alternative Therapies.</subfield>
    <subfield code="2">bisacsh</subfield>
  </datafield>
  <datafield tag="650" ind1=" " ind2="7">
    <subfield code="a">HEALTH &amp; FITNESS / Healing.</subfield>
    <subfield code="2">bisacsh</subfield>
  </datafield>
  <datafield tag="776" ind1="0" ind2="8">
    <subfield code="i">Online version:</subfield>
    <subfield code="a">Godfrey, Heather Dawn, author.</subfield>
    <subfield code="t">Essential oils for the whole body</subfield>
    <subfield code="d">Rochester, Vermont : Healing Arts Press, [2019]</subfield>
    <subfield code="z">9781620558720</subfield>
    <subfield code="w">(DLC) 2019012980</subfield>
  </datafield>
  <datafield tag="963" ind1=" " ind2=" ">
    <subfield code="a">Jamaica Burns; phone: 802-767-3174; email: jamaicab@innertraditions.com; bc: kellyb@innertraditions.com</subfield>
  </datafield>
</record>