
<record>
  <leader>02290cam a2200481 i 4500</leader>
  <controlfield tag="001">20883674</controlfield>
  <controlfield tag="005">20200103104823.0</controlfield>
  <controlfield tag="008">190311s2018    pk       b    000 0 pus  </controlfield>
  <datafield tag="906" ind1=" " ind2=" ">
    <subfield code="a">7</subfield>
    <subfield code="b">cbc</subfield>
    <subfield code="c">origode</subfield>
    <subfield code="d">3</subfield>
    <subfield code="e">ncip</subfield>
    <subfield code="f">20</subfield>
    <subfield code="g">y-nonroman</subfield>
  </datafield>
  <datafield tag="925" ind1="0" ind2=" ">
    <subfield code="a">acquire</subfield>
    <subfield code="b">1 shelf copy</subfield>
    <subfield code="x">policy default</subfield>
  </datafield>
  <datafield tag="955" ind1=" " ind2=" ">
    <subfield code="i">wk23 2019-07-18 to ASME</subfield>
    <subfield code="e">cm10 2020-01-03 Telework to AMED</subfield>
  </datafield>
  <datafield tag="010" ind1=" " ind2=" ">
    <subfield code="a">  2019340107</subfield>
  </datafield>
  <datafield tag="020" ind1=" " ind2=" ">
    <subfield code="a">9789694181219</subfield>
  </datafield>
  <datafield tag="025" ind1=" " ind2=" ">
    <subfield code="a">P-Pus-2019340107</subfield>
  </datafield>
  <datafield tag="037" ind1=" " ind2=" ">
    <subfield code="b">Library of Congress -- Islamabad Overseas Office</subfield>
  </datafield>
  <datafield tag="040" ind1=" " ind2=" ">
    <subfield code="a">DLC</subfield>
    <subfield code="b">eng</subfield>
    <subfield code="e">rda</subfield>
    <subfield code="c">DLC</subfield>
  </datafield>
  <datafield tag="042" ind1=" " ind2=" ">
    <subfield code="a">lcode</subfield>
    <subfield code="a">pcc</subfield>
  </datafield>
  <datafield tag="050" ind1="0" ind2="0">
    <subfield code="a">PK519</subfield>
    <subfield code="b">.I37 2018</subfield>
  </datafield>
  <datafield tag="066" ind1=" " ind2=" ">
    <subfield code="c">(3</subfield>
    <subfield code="c">(4</subfield>
  </datafield>
  <datafield tag="100" ind1="1" ind2=" ">
    <subfield code="6">880-01</subfield>
    <subfield code="a">Ikrām, Bushrá,</subfield>
    <subfield code="e">author.</subfield>
  </datafield>
  <datafield tag="880" ind1="1" ind2=" ">
    <subfield code="6">100-01/(3/r‏</subfield>
    <subfield code="a">‏اکرام، بشرىٰ،‏</subfield>
    <subfield code="e">‏author.</subfield>
  </datafield>
  <datafield tag="245" ind1="1" ind2="0">
    <subfield code="6">880-02</subfield>
    <subfield code="a">Pānīnay /</subfield>
    <subfield code="c">Ḍākṭar Bushrá Ikrām; zer-i nigrānī, Profasyur Dākar Naṣr Allāh Jān Wazīr.</subfield>
  </datafield>
  <datafield tag="880" ind1="1" ind2="0">
    <subfield code="6">245-02/(4/r‏</subfield>
    <subfield code="a">‏پانينى /‏</subfield>
    <subfield code="c">‏ډاکټر بشرىٰ اکرام؛ زېر نګرانى، پروفسير ډاکټر نصر الله جان وزير.</subfield>
  </datafield>
  <datafield tag="246" ind1="3" ind2=" ">
    <subfield code="a">Pānīnī</subfield>
  </datafield>
  <datafield tag="264" ind1=" " ind2="1">
    <subfield code="6">880-03</subfield>
    <subfield code="a">Peṣhawar :</subfield>
    <subfield code="b">Puṣhto Ikayḍīmī,  Peṣhawar Yūnīwarsiṭī,</subfield>
    <subfield code="c">2018.</subfield>
  </datafield>
  <datafield tag="880" ind1=" " ind2="1">
    <subfield code="6">264-03/(4/r‏</subfield>
    <subfield code="a">‏پېښور :‏</subfield>
    <subfield code="b">‏پښتو اکيډيمى، پېښور يونيورسټى،‏</subfield>
    <subfield code="c">‏‪2018‬.</subfield>
  </datafield>
  <datafield tag="300" ind1=" " ind2=" ">
    <subfield code="a">186 pages ;</subfield>
    <subfield code="c">22 cm.</subfield>
  </datafield>
  <datafield tag="336" ind1=" " ind2=" ">
    <subfield code="a">text</subfield>
    <subfield code="b">txt</subfield>
    <subfield code="2">rdacontent</subfield>
  </datafield>
  <datafield tag="337" ind1=" " ind2=" ">
    <subfield code="a">unmediated</subfield>
    <subfield code="b">n</subfield>
    <subfield code="2">rdamedia</subfield>
  </datafield>
  <datafield tag="338" ind1=" " ind2=" ">
    <subfield code="a">volume</subfield>
    <subfield code="b">nc</subfield>
    <subfield code="2">rdacarrier</subfield>
  </datafield>
  <datafield tag="490" ind1="0" ind2=" ">
    <subfield code="6">880-04</subfield>
    <subfield code="a">Mat̤būʻāt silsilah namabar ;</subfield>
    <subfield code="v">678</subfield>
  </datafield>
  <datafield tag="880" ind1="0" ind2=" ">
    <subfield code="6">490-04/(3/r‏</subfield>
    <subfield code="a">‏مطبوعات سلسله نمبر ؛‏</subfield>
    <subfield code="v">‏678</subfield>
  </datafield>
  <datafield tag="504" ind1=" " ind2=" ">
    <subfield code="a">Includes bibliographical references (pages 183-186).</subfield>
  </datafield>
  <datafield tag="520" ind1=" " ind2=" ">
    <subfield code="a">On the life of Pāṇini and his Sanskrit language.</subfield>
  </datafield>
  <datafield tag="546" ind1=" " ind2=" ">
    <subfield code="a">In Pushto.</subfield>
  </datafield>
  <datafield tag="600" ind1="0" ind2="0">
    <subfield code="6">880-05</subfield>
    <subfield code="a">Pāṇini.</subfield>
    <subfield code="t">Aṣṭādhyāyī.</subfield>
  </datafield>
  <datafield tag="880" ind1="0" ind2="4">
    <subfield code="6">600-05/(4/r‏</subfield>
    <subfield code="a">‏پانينى.‏</subfield>
    <subfield code="t">‏Aṣṭādhyāyī.</subfield>
  </datafield>
  <datafield tag="650" ind1=" " ind2="0">
    <subfield code="a">Sanskrit language</subfield>
    <subfield code="x">Grammar.</subfield>
  </datafield>
  <datafield tag="700" ind1="1" ind2=" ">
    <subfield code="6">880-06</subfield>
    <subfield code="a">Vazīr, Naṣr Allāh Jān,</subfield>
    <subfield code="d">1946-</subfield>
    <subfield code="e">under supervision.</subfield>
  </datafield>
  <datafield tag="880" ind1="1" ind2=" ">
    <subfield code="6">700-06/(3/r‏</subfield>
    <subfield code="a">‏وزير، نصر الله جان،</subfield>
    <subfield code="d">‏1946-‏</subfield>
    <subfield code="e">‏under supervision.</subfield>
  </datafield>
  <datafield tag="710" ind1="2" ind2=" ">
    <subfield code="6">880-07</subfield>
    <subfield code="a">Puṣhto Ikayḍīmī,</subfield>
    <subfield code="e">publisher.</subfield>
  </datafield>
  <datafield tag="880" ind1="2" ind2=" ">
    <subfield code="6">710-07/(4/r‏</subfield>
    <subfield code="a">‏پښتو اکيډيمى،‏</subfield>
    <subfield code="e">‏publisher.</subfield>
  </datafield>
  <datafield tag="985" ind1=" " ind2=" ">
    <subfield code="e">ODE-is</subfield>
  </datafield>
</record>