
<record>
  <leader>02616cam a22003978i 4500</leader>
  <controlfield tag="001">20884954</controlfield>
  <controlfield tag="005">20200103104043.0</controlfield>
  <controlfield tag="008">190311s2019    ncu      b    000 0 eng  </controlfield>
  <datafield tag="906" ind1=" " ind2=" ">
    <subfield code="a">0</subfield>
    <subfield code="b">vip</subfield>
    <subfield code="c">orignew</subfield>
    <subfield code="d">1</subfield>
    <subfield code="e">ecip</subfield>
    <subfield code="f">20</subfield>
    <subfield code="g">y-gencatlg</subfield>
  </datafield>
  <datafield tag="925" ind1="0" ind2=" ">
    <subfield code="a">acquire</subfield>
    <subfield code="b">1 shelf copy</subfield>
    <subfield code="x">policy default</subfield>
  </datafield>
  <datafield tag="955" ind1=" " ind2=" ">
    <subfield code="b">re23 2019-03-11</subfield>
    <subfield code="i">re23 2019-03-11 (telework) to SL</subfield>
    <subfield code="e">re12 2019-03-29 to Dewey</subfield>
    <subfield code="w">re09 2019-04-04 to CIP</subfield>
    <subfield code="a">xn11 2020-01-03 1 copy rec&apos;d., to CIP ver.</subfield>
  </datafield>
  <datafield tag="010" ind1=" " ind2=" ">
    <subfield code="a">  2019002732</subfield>
  </datafield>
  <datafield tag="020" ind1=" " ind2=" ">
    <subfield code="a">9781641135818 (pbk.)</subfield>
  </datafield>
  <datafield tag="020" ind1=" " ind2=" ">
    <subfield code="a">9781641135825 (harcover)</subfield>
  </datafield>
  <datafield tag="020" ind1=" " ind2=" ">
    <subfield code="z">9781641135832 (ebook)</subfield>
  </datafield>
  <datafield tag="040" ind1=" " ind2=" ">
    <subfield code="a">DLC</subfield>
    <subfield code="b">eng</subfield>
    <subfield code="c">DLC</subfield>
    <subfield code="e">rda</subfield>
  </datafield>
  <datafield tag="042" ind1=" " ind2=" ">
    <subfield code="a">pcc</subfield>
  </datafield>
  <datafield tag="043" ind1=" " ind2=" ">
    <subfield code="a">n-us---</subfield>
  </datafield>
  <datafield tag="050" ind1="0" ind2="0">
    <subfield code="a">LB1067</subfield>
    <subfield code="b">.S44 2019</subfield>
  </datafield>
  <datafield tag="082" ind1="0" ind2="0">
    <subfield code="a">370.15/5</subfield>
    <subfield code="2">23</subfield>
  </datafield>
  <datafield tag="245" ind1="0" ind2="0">
    <subfield code="a">Sensuous curriculum :</subfield>
    <subfield code="b">politics and senses in education /</subfield>
    <subfield code="c">edited by Walter S. Gershon.</subfield>
  </datafield>
  <datafield tag="263" ind1=" " ind2=" ">
    <subfield code="a">1111</subfield>
  </datafield>
  <datafield tag="264" ind1=" " ind2="1">
    <subfield code="a">Charlotte, NC :</subfield>
    <subfield code="b">Information Age Publishing, Inc.,</subfield>
    <subfield code="c">2019.</subfield>
  </datafield>
  <datafield tag="300" ind1=" " ind2=" ">
    <subfield code="a">pages cm.</subfield>
  </datafield>
  <datafield tag="336" ind1=" " ind2=" ">
    <subfield code="a">text</subfield>
    <subfield code="b">txt</subfield>
    <subfield code="2">rdacontent</subfield>
  </datafield>
  <datafield tag="337" ind1=" " ind2=" ">
    <subfield code="a">unmediated</subfield>
    <subfield code="b">n</subfield>
    <subfield code="2">rdamedia</subfield>
  </datafield>
  <datafield tag="338" ind1=" " ind2=" ">
    <subfield code="a">volume</subfield>
    <subfield code="b">nc</subfield>
    <subfield code="2">rdacarrier</subfield>
  </datafield>
  <datafield tag="490" ind1="0" ind2=" ">
    <subfield code="a">Landscapes of education</subfield>
  </datafield>
  <datafield tag="504" ind1=" " ind2=" ">
    <subfield code="a">Includes bibliographical references.</subfield>
  </datafield>
  <datafield tag="505" ind1="0" ind2=" ">
    <subfield code="a">Introduction : articulating sensuous curricula / Walter S. Gershon -- Activate or evacuate? : roles of a sensorium in debates over onto-epistemology / Bernadette Baker -- Syncopation, sensing, and sense-making : the genealogies of Julia Kristeva and Michel Foucault / David Lee Carlson and Joseph D. Sweet -- Welcoming what we cannot imagine : sensory curriculum in teacher education / Lee Airton -- War of the half-breeds : communities of color as a resistant response to raced and racist education in the Midwest / Boni Wozolek -- Blackness, love, and sensuousness as praxis / Valerie Kinloch -- The visceral curriculum / Avi Lessing -- Intersecting race, language, and identity : toward a sensuous curriculum of investment / Awad Ibrahim -- The ontological problem of contemporary U.S. education : a nonlinear, sensuous critique / Walter S. Gershon -- (Un)boxing the senses : curricular practices of sensory ethnography / Kimberly Powell and Sue Uhlig -- Sensuous and artistic curriculum towards the disruption of the normative / Anniina Suomenin.</subfield>
  </datafield>
  <datafield tag="650" ind1=" " ind2="0">
    <subfield code="a">Perceptual learning.</subfield>
  </datafield>
  <datafield tag="650" ind1=" " ind2="0">
    <subfield code="a">Senses and sensation.</subfield>
  </datafield>
  <datafield tag="650" ind1=" " ind2="0">
    <subfield code="a">Education</subfield>
    <subfield code="x">Curricula.</subfield>
  </datafield>
  <datafield tag="700" ind1="1" ind2=" ">
    <subfield code="a">Gershon, Walter S.,</subfield>
    <subfield code="e">editor.</subfield>
  </datafield>
  <datafield tag="776" ind1="0" ind2="8">
    <subfield code="i">Online version:</subfield>
    <subfield code="t">Sensuous curriculum</subfield>
    <subfield code="d">Charlotte, NC : Information Age Publishing, Inc., 2019</subfield>
    <subfield code="z">9781641135832</subfield>
    <subfield code="w">(DLC) 2019016639</subfield>
  </datafield>
  <datafield tag="963" ind1=" " ind2=" ">
    <subfield code="a">George Johnson; phone: 704-7529125; fax: 704-752-9113; email: george@infoagepub.com; bc: george@infoagepub.com</subfield>
  </datafield>
</record>