
<record>
  <leader>03810cam a22003858i 4500</leader>
  <controlfield tag="001">20885364</controlfield>
  <controlfield tag="005">20200103100202.0</controlfield>
  <controlfield tag="008">190311s2019    ncu      b    000 0 eng  </controlfield>
  <datafield tag="906" ind1=" " ind2=" ">
    <subfield code="a">0</subfield>
    <subfield code="b">vip</subfield>
    <subfield code="c">orignew</subfield>
    <subfield code="d">1</subfield>
    <subfield code="e">ecip</subfield>
    <subfield code="f">20</subfield>
    <subfield code="g">y-gencatlg</subfield>
  </datafield>
  <datafield tag="925" ind1="0" ind2=" ">
    <subfield code="a">acquire</subfield>
    <subfield code="b">1 shelf copy</subfield>
    <subfield code="x">policy default</subfield>
  </datafield>
  <datafield tag="955" ind1=" " ind2=" ">
    <subfield code="b">rm13 2019-03-11</subfield>
    <subfield code="c">rm13 2019-03-11 (telework)</subfield>
    <subfield code="d">rm13 2019-08-08 (telework) to Dewey</subfield>
    <subfield code="w">xm06 2019-08-08</subfield>
    <subfield code="a">xn11 2020-01-03 1 copy rec&apos;d., to CIP ver.</subfield>
  </datafield>
  <datafield tag="010" ind1=" " ind2=" ">
    <subfield code="a">  2019008662</subfield>
  </datafield>
  <datafield tag="020" ind1=" " ind2=" ">
    <subfield code="a">9781641136327 (pbk.)</subfield>
  </datafield>
  <datafield tag="020" ind1=" " ind2=" ">
    <subfield code="a">9781641136334 (harcover)</subfield>
  </datafield>
  <datafield tag="020" ind1=" " ind2=" ">
    <subfield code="z">9781641136341 (ebook)</subfield>
  </datafield>
  <datafield tag="040" ind1=" " ind2=" ">
    <subfield code="a">DLC</subfield>
    <subfield code="b">eng</subfield>
    <subfield code="c">DLC</subfield>
    <subfield code="e">rda</subfield>
  </datafield>
  <datafield tag="042" ind1=" " ind2=" ">
    <subfield code="a">pcc</subfield>
  </datafield>
  <datafield tag="050" ind1="0" ind2="0">
    <subfield code="a">HD6955</subfield>
    <subfield code="b">.C865 2019</subfield>
  </datafield>
  <datafield tag="082" ind1="0" ind2="0">
    <subfield code="a">306.3/6</subfield>
    <subfield code="2">23</subfield>
  </datafield>
  <datafield tag="245" ind1="0" ind2="0">
    <subfield code="a">Culture, work, and psychology :</subfield>
    <subfield code="b">invitations to dialogue /</subfield>
    <subfield code="c">edited by Pedro F. Bendassolli, Universidade Federal do Rio Grande do Norte, Natal/Brazil.</subfield>
  </datafield>
  <datafield tag="263" ind1=" " ind2=" ">
    <subfield code="a">1111</subfield>
  </datafield>
  <datafield tag="264" ind1=" " ind2="1">
    <subfield code="a">Charlotte :</subfield>
    <subfield code="b">Information Age Publishing Inc.,</subfield>
    <subfield code="c">[2019]</subfield>
  </datafield>
  <datafield tag="300" ind1=" " ind2=" ">
    <subfield code="a">pages cm.</subfield>
  </datafield>
  <datafield tag="336" ind1=" " ind2=" ">
    <subfield code="a">text</subfield>
    <subfield code="b">txt</subfield>
    <subfield code="2">rdacontent</subfield>
  </datafield>
  <datafield tag="337" ind1=" " ind2=" ">
    <subfield code="a">unmediated</subfield>
    <subfield code="b">n</subfield>
    <subfield code="2">rdamedia</subfield>
  </datafield>
  <datafield tag="338" ind1=" " ind2=" ">
    <subfield code="a">volume</subfield>
    <subfield code="b">nc</subfield>
    <subfield code="2">rdacarrier</subfield>
  </datafield>
  <datafield tag="490" ind1="0" ind2=" ">
    <subfield code="a">Dvances in cultural psychology: Constructing human development</subfield>
  </datafield>
  <datafield tag="504" ind1=" " ind2=" ">
    <subfield code="a">Includes bibliographical references.</subfield>
  </datafield>
  <datafield tag="505" ind1="0" ind2=" ">
    <subfield code="a">Work as a cultural phenomenon : contributions to the dialogue between psychology, work, and culture / Pedro Bendassolli and Sonia Gondim -- Looking back to look forward : a working history of cultural psychology / Kevin R. Carriere -- Conceiving work as (an) activity : epistemological underpinnings from a cultural-historical perspective / Patricia Dionne and Alfredo Jornet -- Vygotsky and work : an activity clinic to change the organization / Antoine Bonnemain, Jean-Yves Bonnefond, Flavio Fontes, and Yves Clot -- Once I imagined to work : a short drama in two acts and two intermezzos about the semiotic dynamics of a job center / Luca Tateo and Morten Bech Kristensen -- Borders at work : the minimum power management position / Giuseppina Marsico -- Cultural psychology and employment of youth with psychic and social problems / Diana Nellemann S. Andersen, and Mogens Jensen -- Ruptures and transitions in work paths : uses of normative fields in the life course / Maija Korhonen, Tania Zittoun, and Katri Komulainen -- Work and geographical mobility : the case of the male accompanying spouses / Flavia Cangi?, Tania Zittoun, and Deborah Levitan -- Organizational creativity from a situated and cultural psychological perspective / Lene Tanggaard -- Mobilization of adult learners in educative program : bergson, vygotsky, and beyond / Dany Boulanger and Patricia Dionne -- Work, collaboration, and adult development on a digital platform for permanent education within the Brazilian unified health system (sUS): a cultural-semiotic approach / Maria Cl?udia Santos Lopes de Oliveira and Caroline Zamboni de Souza -- Models of value construction: for a semio-dialectical approach to organization and social action / Sergio Salvatore, Alessandro Gennaro, Ada Manfreda, and Sara Calogiuri -- Processes of modal articulation : extending a semiotic and psychodynamic model of sensemaking / Raffaele De Luca Picione -- Self-fulfillment: the work of human existence / Sigmar Malvezzi -- Public&apos;s social representations of relational professions and their work context: extension of Moscovici&apos;s study in the new public management / Dany Boulanger.</subfield>
  </datafield>
  <datafield tag="650" ind1=" " ind2="0">
    <subfield code="a">Work environment</subfield>
    <subfield code="x">Social aspects.</subfield>
  </datafield>
  <datafield tag="650" ind1=" " ind2="0">
    <subfield code="a">Organizational change.</subfield>
  </datafield>
  <datafield tag="650" ind1=" " ind2="0">
    <subfield code="a">Social psychology.</subfield>
  </datafield>
  <datafield tag="700" ind1="1" ind2=" ">
    <subfield code="a">Bendassolli, Pedro F.,</subfield>
    <subfield code="e">editor.</subfield>
  </datafield>
  <datafield tag="776" ind1="0" ind2="8">
    <subfield code="i">Online version:</subfield>
    <subfield code="t">Culture, work, and psychology.</subfield>
    <subfield code="d">Charlotte : Information Age Publishing Inc., [2019]</subfield>
    <subfield code="z">9781641136341</subfield>
    <subfield code="w">(DLC)  2019980712</subfield>
  </datafield>
  <datafield tag="963" ind1=" " ind2=" ">
    <subfield code="a">George Johnson; phone: 704-7529125; fax: 704-752-9113; email: george@infoagepub.com; bc: george@infoagepub.com</subfield>
  </datafield>
</record>