
<record>
  <leader>04160cam a22004218i 4500</leader>
  <controlfield tag="001">20888171</controlfield>
  <controlfield tag="005">20200103113635.0</controlfield>
  <controlfield tag="008">190313s2019    nyu      b    001 0 eng  </controlfield>
  <datafield tag="906" ind1=" " ind2=" ">
    <subfield code="a">0</subfield>
    <subfield code="b">ibc</subfield>
    <subfield code="c">orignew</subfield>
    <subfield code="d">1</subfield>
    <subfield code="e">ecip</subfield>
    <subfield code="f">20</subfield>
    <subfield code="g">y-gencatlg</subfield>
  </datafield>
  <datafield tag="925" ind1="0" ind2=" ">
    <subfield code="a">acquire</subfield>
    <subfield code="b">1 shelf copy</subfield>
    <subfield code="x">policy default</subfield>
  </datafield>
  <datafield tag="955" ind1=" " ind2=" ">
    <subfield code="b">re17 2019-03-13</subfield>
    <subfield code="i">re17 2019-03-13</subfield>
    <subfield code="e">re23 2019-04-08 to Dewey</subfield>
    <subfield code="w">re09 2019-04-10</subfield>
    <subfield code="a">re17 2019-04-09 to Policy for subject proposal approval</subfield>
    <subfield code="a">td14 2020-01-03 proposal not approved; galley to Dewey</subfield>
  </datafield>
  <datafield tag="010" ind1=" " ind2=" ">
    <subfield code="a">  2019004249</subfield>
  </datafield>
  <datafield tag="020" ind1=" " ind2=" ">
    <subfield code="a">9781138500877 (hardback)</subfield>
  </datafield>
  <datafield tag="020" ind1=" " ind2=" ">
    <subfield code="a">9781138501614 (pbk.)</subfield>
  </datafield>
  <datafield tag="020" ind1=" " ind2=" ">
    <subfield code="z">9781315144467 (ebk.)</subfield>
  </datafield>
  <datafield tag="040" ind1=" " ind2=" ">
    <subfield code="a">DLC</subfield>
    <subfield code="b">eng</subfield>
    <subfield code="e">rda</subfield>
    <subfield code="c">DLC</subfield>
  </datafield>
  <datafield tag="042" ind1=" " ind2=" ">
    <subfield code="a">pcc</subfield>
  </datafield>
  <datafield tag="050" ind1="0" ind2="0">
    <subfield code="a">LB3430.5</subfield>
    <subfield code="b">.S36 2019</subfield>
  </datafield>
  <datafield tag="082" ind1="0" ind2="0">
    <subfield code="a">371.4</subfield>
    <subfield code="2">23</subfield>
  </datafield>
  <datafield tag="245" ind1="0" ind2="4">
    <subfield code="a">The school counselor&apos;s guide to multi-tiered systems of support /</subfield>
    <subfield code="c">Edited by Emily Goodman-Scott, Jennifer Betters-Bubon, and Peg Donohue.</subfield>
  </datafield>
  <datafield tag="263" ind1=" " ind2=" ">
    <subfield code="a">1905</subfield>
  </datafield>
  <datafield tag="264" ind1=" " ind2="1">
    <subfield code="a">New York, NY :</subfield>
    <subfield code="b">Routledge,</subfield>
    <subfield code="c">2019.</subfield>
  </datafield>
  <datafield tag="300" ind1=" " ind2=" ">
    <subfield code="a">pages cm</subfield>
  </datafield>
  <datafield tag="336" ind1=" " ind2=" ">
    <subfield code="a">text</subfield>
    <subfield code="b">txt</subfield>
    <subfield code="2">rdacontent</subfield>
  </datafield>
  <datafield tag="337" ind1=" " ind2=" ">
    <subfield code="a">unmediated</subfield>
    <subfield code="b">n</subfield>
    <subfield code="2">rdamedia</subfield>
  </datafield>
  <datafield tag="338" ind1=" " ind2=" ">
    <subfield code="a">volume</subfield>
    <subfield code="b">nc</subfield>
    <subfield code="2">rdacarrier</subfield>
  </datafield>
  <datafield tag="504" ind1=" " ind2=" ">
    <subfield code="a">Includes bibliographical references and index.</subfield>
  </datafield>
  <datafield tag="505" ind1="0" ind2=" ">
    <subfield code="a">Multi-tiered systems of support: the what, why, and how for school counselors / George Sugai, Tamika P. La Salle, Susannah Everett, and Adam Feinberg -- Integrating school counseling and MTSS / Emily Goodman-Scott and Melissa S. Ockerman -- Tier 1: creating strong universal systems of support and facilitating systemic change / Christopher Sink -- Tier 1: school counseling core curriculum and classroom management for every student / Erin Mason and Caroline Lopez-Perry -- Tier 2: providing supports for students with elevated needs / Jacob Olsen -- Tier 3: specialized services for students with intensive needs / Jolie Ziomek-Daigle, Jason Cavin, Jennifer Diaz, Brent Henderson, and Alexandra Huguelet -- Universal screening to support MTSS / Peg Donohue -- School counselors consulting and collaborating within MTSS / Blaire Cholewa and Kathleen Laundy -- Using data in MTSS to demonstrate how school counselors make a difference / Julia V. Taylor and Melanie Burgess -- Evidence-based practices across MTSS -- Melissa Mariani and Summer Perhay Kuba -- Culturally responsive MTSS: advocating for equity for every student / Jennifer Betters-Bubon, Holly Kortemeier and Stephanie Smith-Durkin -- Voices from the field -- Concluding thoughts.</subfield>
  </datafield>
  <datafield tag="520" ind1=" " ind2=" ">
    <subfield code="a">&quot;The School Counselor&apos;s Guide to Multi-Tiered Systems of Support is the first to provide school counseling practitioners, students, and faculty with information and resources regarding the alignment and implementation of comprehensive school counseling programs (CSCPs) such as the ASCA National Model and Multi-Tiered Systems of Support (MTSS). This innovative text provides a strong theoretical and research base, as well as practical examples from the field, case studies, and relevant, hands-on resources and tools to assist school counselors in comprehending, facilitating, and strengthening the implementation of CSCPs, particularly through MTSS alignment. Furthermore, chapters include pertinent information on the CACREP 2016 standards and the ASCA 2012 National Model. This book is an essential resource for pre-service and practicing school counselors, as well as their leaders, supervisors, and faculty looking to better understand and utilize the overlap between CSCPs and MTSS, to strengthen school counseling programs to better serve students, schools, and communities&quot;--</subfield>
    <subfield code="c">Provided by publisher.</subfield>
  </datafield>
  <datafield tag="650" ind1=" " ind2="0">
    <subfield code="a">Student assistance programs.</subfield>
  </datafield>
  <datafield tag="650" ind1=" " ind2="0">
    <subfield code="a">Student counselors</subfield>
    <subfield code="x">Training of.</subfield>
  </datafield>
  <datafield tag="650" ind1=" " ind2="0">
    <subfield code="a">Learning disabled children</subfield>
    <subfield code="x">Counseling of.</subfield>
  </datafield>
  <datafield tag="650" ind1=" " ind2="0">
    <subfield code="a">Response to intervention (Learning disabled children)</subfield>
  </datafield>
  <datafield tag="700" ind1="1" ind2=" ">
    <subfield code="a">Goodman-Scott, Emily,</subfield>
    <subfield code="e">editor.</subfield>
  </datafield>
  <datafield tag="700" ind1="1" ind2=" ">
    <subfield code="a">Betters-Bubon, Jennifer,</subfield>
    <subfield code="e">editor.</subfield>
  </datafield>
  <datafield tag="700" ind1="1" ind2=" ">
    <subfield code="a">Donohue, Peg,</subfield>
    <subfield code="e">editor.</subfield>
  </datafield>
  <datafield tag="776" ind1="0" ind2="8">
    <subfield code="i">Online version:</subfield>
    <subfield code="t">School counselor&apos;s guide to multi-tiered systems of support.</subfield>
    <subfield code="d">New York, NY : Routledge, 2019.</subfield>
    <subfield code="z">9781315144467</subfield>
    <subfield code="w">(DLC)  2019980890</subfield>
  </datafield>
  <datafield tag="963" ind1=" " ind2=" ">
    <subfield code="a">Olivia Powers; phone: 212-216-7829; email: olivia.powers@informa.com; bc: olivia.powers@informa.com</subfield>
  </datafield>
</record>