
<record>
  <leader>02783cam a22003738i 4500</leader>
  <controlfield tag="001">20893948</controlfield>
  <controlfield tag="005">20200103094533.0</controlfield>
  <controlfield tag="008">190318s2020    pau           000 0 eng  </controlfield>
  <datafield tag="906" ind1=" " ind2=" ">
    <subfield code="a">0</subfield>
    <subfield code="b">vip</subfield>
    <subfield code="c">orignew</subfield>
    <subfield code="d">1</subfield>
    <subfield code="e">ecip</subfield>
    <subfield code="f">20</subfield>
    <subfield code="g">y-gencatlg</subfield>
  </datafield>
  <datafield tag="925" ind1="0" ind2=" ">
    <subfield code="a">acquire</subfield>
    <subfield code="b">1 shelf copy</subfield>
    <subfield code="x">policy default</subfield>
  </datafield>
  <datafield tag="955" ind1=" " ind2=" ">
    <subfield code="b">rk21 2019-03-18</subfield>
    <subfield code="c">rk21 2019-03-18 to rk09 for review</subfield>
    <subfield code="d">rm03 2019-03-22</subfield>
    <subfield code="e">rm11 2019-04-05 to Dewey</subfield>
    <subfield code="w">xb07 2019-04-10</subfield>
    <subfield code="c">rm15 2019-10-24 (telework) CIP chg. request</subfield>
    <subfield code="a">xn11 2020-01-03 1 copy rec&apos;d., to CIP ver.</subfield>
  </datafield>
  <datafield tag="010" ind1=" " ind2=" ">
    <subfield code="a">  2019013251</subfield>
  </datafield>
  <datafield tag="020" ind1=" " ind2=" ">
    <subfield code="a">9781522599326 (hardcover)</subfield>
  </datafield>
  <datafield tag="020" ind1=" " ind2=" ">
    <subfield code="a">9781522599333 (softcover)</subfield>
  </datafield>
  <datafield tag="020" ind1=" " ind2=" ">
    <subfield code="z">9781522599340 (ebook)</subfield>
  </datafield>
  <datafield tag="040" ind1=" " ind2=" ">
    <subfield code="a">DLC</subfield>
    <subfield code="b">eng</subfield>
    <subfield code="c">DLC</subfield>
    <subfield code="e">rda</subfield>
    <subfield code="d">DLC</subfield>
  </datafield>
  <datafield tag="042" ind1=" " ind2=" ">
    <subfield code="a">pcc</subfield>
  </datafield>
  <datafield tag="050" ind1="0" ind2="0">
    <subfield code="a">HT361</subfield>
    <subfield code="b">.H353 2020</subfield>
  </datafield>
  <datafield tag="082" ind1="0" ind2="0">
    <subfield code="a">307.1/2</subfield>
    <subfield code="2">23</subfield>
  </datafield>
  <datafield tag="245" ind1="0" ind2="0">
    <subfield code="a">Handbook of research on urban-rural synergy development through housing, landscape, and tourism /</subfield>
    <subfield code="c">Aleksandra Krstic-Furundziv and Aleksandra Djukić, editors.</subfield>
  </datafield>
  <datafield tag="263" ind1=" " ind2=" ">
    <subfield code="a">1111</subfield>
  </datafield>
  <datafield tag="264" ind1=" " ind2="1">
    <subfield code="a">Hershey, PA :</subfield>
    <subfield code="b">Business Science Reference, an imprint of IGI Global,</subfield>
    <subfield code="c">[2020]</subfield>
  </datafield>
  <datafield tag="300" ind1=" " ind2=" ">
    <subfield code="a">pages cm</subfield>
  </datafield>
  <datafield tag="336" ind1=" " ind2=" ">
    <subfield code="a">text</subfield>
    <subfield code="b">txt</subfield>
    <subfield code="2">rdacontent</subfield>
  </datafield>
  <datafield tag="337" ind1=" " ind2=" ">
    <subfield code="a">unmediated</subfield>
    <subfield code="b">n</subfield>
    <subfield code="2">rdamedia</subfield>
  </datafield>
  <datafield tag="338" ind1=" " ind2=" ">
    <subfield code="a">volume</subfield>
    <subfield code="b">nc</subfield>
    <subfield code="2">rdacarrier</subfield>
  </datafield>
  <datafield tag="505" ind1="0" ind2=" ">
    <subfield code="a">Evaluation of technologies that helps to identify hazards for cyclists in cities / Christine Chaloupka, Self Employed, Austria , Ralf Risser, Self Employed, Austria, Elisabeth Füssl, Apptec Ventures, Austria -- Small urban centers as drivers of daily migrations and agents of transformation of rural hinterland : Example of blace municipality / Eva Lazarevic, University of Belgrade, Faculty of Architecture, Serbia, Milena Ivanovic, Republic Geodetic Authority, National Spatial Data Infrastructure, Serbia, Duan Ristic, University of Pritina, Faculty of Natural Sciences and Mathematics, Serbia -- Marjan Marjanovic, University of Illinois, College of Urban Planning and Public Affairs, United States, Mario Milicevic, GDI Solutions, Serbia -- Multifaceted character of visitor centres in urban-rural relation : From primary needs to landmarks -- Aleksandar Videnovic, Faculty of Architecture University of Belgrade, Serbia -- Milos Arandjelovic, Faculty of Architecture University of Belgrade, Serbia.</subfield>
  </datafield>
  <datafield tag="520" ind1=" " ind2=" ">
    <subfield code="a">&quot;This book examines regional, rural, and urban planning and settlement design with a focus on the areas of housing, landscape, and tourism. It also explores fostering urban-rural cooperation&quot;--</subfield>
    <subfield code="c">Provided by publisher.</subfield>
  </datafield>
  <datafield tag="650" ind1=" " ind2="0">
    <subfield code="a">Rural-urban relations</subfield>
    <subfield code="v">Case studies.</subfield>
  </datafield>
  <datafield tag="650" ind1=" " ind2="0">
    <subfield code="a">Regional planning</subfield>
    <subfield code="v">Case studies.</subfield>
  </datafield>
  <datafield tag="650" ind1=" " ind2="0">
    <subfield code="a">City planning</subfield>
    <subfield code="v">Case studies.</subfield>
  </datafield>
  <datafield tag="700" ind1="1" ind2=" ">
    <subfield code="a">Krstić-Furundžić, Aleksandra,</subfield>
    <subfield code="e">editor.</subfield>
  </datafield>
  <datafield tag="700" ind1="1" ind2=" ">
    <subfield code="a">Djukic, Aleksandra,</subfield>
    <subfield code="e">editor.</subfield>
  </datafield>
  <datafield tag="963" ind1=" " ind2=" ">
    <subfield code="a">Colleen Moore; phone: 717-533-8845; email: cmoore@igi-global.com; bc: jtravers@igi-global.com</subfield>
  </datafield>
</record>