
<record>
  <leader>03384cam a22004218i 4500</leader>
  <controlfield tag="001">20898810</controlfield>
  <controlfield tag="005">20200103133009.0</controlfield>
  <controlfield tag="008">190318s2019    cau      b    001 0 eng c</controlfield>
  <datafield tag="906" ind1=" " ind2=" ">
    <subfield code="a">0</subfield>
    <subfield code="b">vipcorignew</subfield>
    <subfield code="d">1</subfield>
    <subfield code="e">ecip</subfield>
    <subfield code="f">20</subfield>
    <subfield code="g">y-gencatlg</subfield>
  </datafield>
  <datafield tag="925" ind1="0" ind2=" ">
    <subfield code="a">acquire</subfield>
    <subfield code="b">1 shelf copy</subfield>
    <subfield code="x">policy default</subfield>
  </datafield>
  <datafield tag="955" ind1=" " ind2=" ">
    <subfield code="a">CSt</subfield>
    <subfield code="e">re12 2019-03-22 to Dewey</subfield>
    <subfield code="w">re09 2019-03-26 to CIP</subfield>
    <subfield code="a">xn11 2020-01-03 1 copy rec&apos;d., to CIP ver.</subfield>
  </datafield>
  <datafield tag="010" ind1=" " ind2=" ">
    <subfield code="a">  2019012949</subfield>
  </datafield>
  <datafield tag="020" ind1=" " ind2=" ">
    <subfield code="a">9781503610187</subfield>
    <subfield code="q">(cloth :</subfield>
    <subfield code="q">alk. paper)</subfield>
  </datafield>
  <datafield tag="020" ind1=" " ind2=" ">
    <subfield code="z">9781503611016</subfield>
    <subfield code="q">(ebook)</subfield>
  </datafield>
  <datafield tag="040" ind1=" " ind2=" ">
    <subfield code="a">CSt/DLC</subfield>
    <subfield code="b">eng</subfield>
    <subfield code="c">CSt</subfield>
    <subfield code="e">rda</subfield>
  </datafield>
  <datafield tag="042" ind1=" " ind2=" ">
    <subfield code="a">pcc</subfield>
  </datafield>
  <datafield tag="050" ind1="0" ind2="0">
    <subfield code="a">GV706.35</subfield>
    <subfield code="b">.W48 2019</subfield>
  </datafield>
  <datafield tag="082" ind1="0" ind2="0">
    <subfield code="a">796</subfield>
    <subfield code="2">23</subfield>
  </datafield>
  <datafield tag="245" ind1="0" ind2="4">
    <subfield code="a">The whole world was watching :</subfield>
    <subfield code="b">sport in the Cold War /</subfield>
    <subfield code="c">edited by Robert Edelman and Christopher Young.</subfield>
  </datafield>
  <datafield tag="263" ind1=" " ind2=" ">
    <subfield code="a">1111</subfield>
  </datafield>
  <datafield tag="264" ind1=" " ind2="1">
    <subfield code="a">Stanford, California :</subfield>
    <subfield code="b">Stanford University Press,</subfield>
    <subfield code="c">2019.</subfield>
  </datafield>
  <datafield tag="300" ind1=" " ind2=" ">
    <subfield code="a">pages cm</subfield>
  </datafield>
  <datafield tag="336" ind1=" " ind2=" ">
    <subfield code="a">text</subfield>
    <subfield code="2">rdacontent</subfield>
  </datafield>
  <datafield tag="337" ind1=" " ind2=" ">
    <subfield code="a">unmediated</subfield>
    <subfield code="2">rdamedia</subfield>
  </datafield>
  <datafield tag="338" ind1=" " ind2=" ">
    <subfield code="a">volume</subfield>
    <subfield code="2">rdacarrier</subfield>
  </datafield>
  <datafield tag="490" ind1="1" ind2=" ">
    <subfield code="a">Cold War International History Project</subfield>
  </datafield>
  <datafield tag="504" ind1=" " ind2=" ">
    <subfield code="a">Includes bibliographical references and index.</subfield>
  </datafield>
  <datafield tag="505" ind1="0" ind2=" ">
    <subfield code="a">Introduction : explaining Cold War sport / Robert Edelman and Christopher Young -- The state-private network : overt and covert US intervention in early Cold War sport / Toby C. Rider -- No quarrel with them Vietcong : Muhammad Ali&apos;s Cold War / Elliott J. Gorn -- Breaking the ice : Alexei Kosygin and the secret background of the 1972 hockey summit series / James Hershberg -- Action in the era of stagnation : Leonid Brezhnev and the Soviet Olympic dream / Mikhail Prozumenshikov -- Soccer artistry and the secret police : Georgian football in the multiethnic Soviet empire / Erik R. Scott -- Russian fever pitch : global fandom, youth culture, and the public sphere in the late Soviet Union / Manfred Zeller -- &quot;Eulogy to theft&quot; : Berliner FC Dynamo (BFC), East German football, and the end of communism / Alan McDougall -- Sports, politics and &quot;wild doping&quot; in the East German sporting &quot;miracle&quot; / Mike Dennis -- &quot;The most beautiful face of socialism&quot; : Katarina Witt and the sexual politics of sport in the Cold War / Annette F. Timm -- Learning from the Soviet big brother : the early years of sport in the People&apos;s Republic of China / Amanda Shuman -- &quot;The communist bandits have been repudiated&quot; : Cold War-era sport in Taiwan / Andrew D. Morris -- New regional order : sport, Cold War culture, and the making of Southeast Asia / Simon Creak -- Negotiating colonial repression : African footballers in Salazar&apos;s Portugal / Todd Cleveland -- Deflected confrontations : Cold War baseball in the Caribbean / Rob Ruck -- Ambivalent solidarities : cultural diplomacy, women and South-South cooperation at the 1950s Pan-American Games / Brenda Elsey.</subfield>
  </datafield>
  <datafield tag="650" ind1=" " ind2="0">
    <subfield code="a">Sports</subfield>
    <subfield code="x">Political aspects</subfield>
    <subfield code="x">History</subfield>
    <subfield code="y">20th century.</subfield>
  </datafield>
  <datafield tag="650" ind1=" " ind2="0">
    <subfield code="a">Sports and state</subfield>
    <subfield code="x">History</subfield>
    <subfield code="y">20th century.</subfield>
  </datafield>
  <datafield tag="650" ind1=" " ind2="0">
    <subfield code="a">Cold War</subfield>
    <subfield code="x">Influence.</subfield>
  </datafield>
  <datafield tag="650" ind1=" " ind2="0">
    <subfield code="a">World politics</subfield>
    <subfield code="y">1945-1989.</subfield>
  </datafield>
  <datafield tag="700" ind1="1" ind2=" ">
    <subfield code="a">Edelman, Robert,</subfield>
    <subfield code="d">1945-</subfield>
    <subfield code="e">editor.</subfield>
  </datafield>
  <datafield tag="700" ind1="1" ind2=" ">
    <subfield code="a">Young, Christopher,</subfield>
    <subfield code="d">1967-</subfield>
    <subfield code="e">editor.</subfield>
  </datafield>
  <datafield tag="776" ind1="0" ind2="8">
    <subfield code="i">Online version:</subfield>
    <subfield code="t">Whole world was watching</subfield>
    <subfield code="d">Stanford, California : Stanford University Press, 2019</subfield>
    <subfield code="z">9781503611016</subfield>
    <subfield code="w">(DLC) 2019014693</subfield>
  </datafield>
  <datafield tag="830" ind1=" " ind2="0">
    <subfield code="a">Cold War International History Project series.</subfield>
  </datafield>
  <datafield tag="963" ind1=" " ind2=" ">
    <subfield code="a">Anne Fuzellier Jain; phone: 650-7360719; email: anne7@stanford.edu; bc: msagara@stanford.edu</subfield>
  </datafield>
  <datafield tag="985" ind1=" " ind2=" ">
    <subfield code="a">CStCIP</subfield>
    <subfield code="d">2019-03-21</subfield>
  </datafield>
</record>