
<record>
  <leader>01753cam a2200361 i 4500</leader>
  <controlfield tag="001">20907722</controlfield>
  <controlfield tag="005">20200103125454.0</controlfield>
  <controlfield tag="008">190328s2014    bu ao         000 0abul  </controlfield>
  <datafield tag="906" ind1=" " ind2=" ">
    <subfield code="a">0</subfield>
    <subfield code="b">ibc</subfield>
    <subfield code="c">orignew</subfield>
    <subfield code="d">3</subfield>
    <subfield code="e">ncip</subfield>
    <subfield code="f">20</subfield>
    <subfield code="g">y-nonroman</subfield>
  </datafield>
  <datafield tag="925" ind1="0" ind2=" ">
    <subfield code="a">acquire</subfield>
    <subfield code="b">1 shelf copy</subfield>
    <subfield code="x">policy default</subfield>
  </datafield>
  <datafield tag="955" ind1=" " ind2=" ">
    <subfield code="b">ti63 2019-03-28</subfield>
    <subfield code="a">fg00 2019-03-28 to GS/SEE</subfield>
    <subfield code="a">fg00 2019-03-28 to GS/SEE</subfield>
    <subfield code="i">fg10 2020-01-03 telework</subfield>
  </datafield>
  <datafield tag="010" ind1=" " ind2=" ">
    <subfield code="a">  2019366722</subfield>
  </datafield>
  <datafield tag="020" ind1=" " ind2=" ">
    <subfield code="a">9789540737355</subfield>
  </datafield>
  <datafield tag="040" ind1=" " ind2=" ">
    <subfield code="a">DLC</subfield>
    <subfield code="b">eng</subfield>
    <subfield code="e">rda</subfield>
    <subfield code="c">DLC</subfield>
  </datafield>
  <datafield tag="042" ind1=" " ind2=" ">
    <subfield code="a">pcc</subfield>
  </datafield>
  <datafield tag="043" ind1=" " ind2=" ">
    <subfield code="a">a-cc---</subfield>
  </datafield>
  <datafield tag="050" ind1="0" ind2="0">
    <subfield code="a">DS712</subfield>
    <subfield code="b">.A45 2014</subfield>
  </datafield>
  <datafield tag="066" ind1=" " ind2=" ">
    <subfield code="c">(N</subfield>
  </datafield>
  <datafield tag="100" ind1="1" ind2=" ">
    <subfield code="6">880-01</subfield>
    <subfield code="a">Altŭkova-Draganova, Marii︠a︡na K.,</subfield>
    <subfield code="e">author.</subfield>
  </datafield>
  <datafield tag="880" ind1="1" ind2=" ">
    <subfield code="6">100-01/(N</subfield>
    <subfield code="a">Алтъкова-Драганова, Марияна К.,</subfield>
    <subfield code="e">author.</subfield>
  </datafield>
  <datafield tag="245" ind1="1" ind2="0">
    <subfield code="6">880-02</subfield>
    <subfield code="a">101 temi za Kitaĭ, videni ot moi︠a︡ prozoret︠s︡ /</subfield>
    <subfield code="c">Marii︠a︡na K. Altŭkova-Draganova.</subfield>
  </datafield>
  <datafield tag="880" ind1="1" ind2="0">
    <subfield code="6">245-02/(N</subfield>
    <subfield code="a">101 теми за Китай, видени от моя прозорец /</subfield>
    <subfield code="c">Марияна К. Алтъкова-Драганова.</subfield>
  </datafield>
  <datafield tag="250" ind1=" " ind2=" ">
    <subfield code="6">880-03</subfield>
    <subfield code="a">Pŭrvo izdanie.</subfield>
  </datafield>
  <datafield tag="880" ind1=" " ind2=" ">
    <subfield code="6">250-03/(N</subfield>
    <subfield code="a">Първо издание.</subfield>
  </datafield>
  <datafield tag="264" ind1=" " ind2="1">
    <subfield code="6">880-04</subfield>
    <subfield code="a">Sofii︠a︡ :</subfield>
    <subfield code="b">Universitetsko izdatelstvo &quot;Sv. Kliment Okhridski&quot;,</subfield>
    <subfield code="c">2014.</subfield>
  </datafield>
  <datafield tag="880" ind1=" " ind2="1">
    <subfield code="6">264-04/(N</subfield>
    <subfield code="a">София :</subfield>
    <subfield code="b">Университетско издателство &quot;Св. Климент Охридски&quot;,</subfield>
    <subfield code="c">2014.</subfield>
  </datafield>
  <datafield tag="300" ind1=" " ind2=" ">
    <subfield code="a">263 pages :</subfield>
    <subfield code="b">illustrations (chiefly color), photographs ;</subfield>
    <subfield code="c">21 cm</subfield>
  </datafield>
  <datafield tag="336" ind1=" " ind2=" ">
    <subfield code="a">text</subfield>
    <subfield code="b">txt</subfield>
    <subfield code="2">rdacontent</subfield>
  </datafield>
  <datafield tag="337" ind1=" " ind2=" ">
    <subfield code="a">unmediated</subfield>
    <subfield code="b">n</subfield>
    <subfield code="2">rdamedia</subfield>
  </datafield>
  <datafield tag="338" ind1=" " ind2=" ">
    <subfield code="a">volume</subfield>
    <subfield code="b">nc</subfield>
    <subfield code="2">rdacarrier</subfield>
  </datafield>
  <datafield tag="651" ind1=" " ind2="0">
    <subfield code="a">China</subfield>
    <subfield code="x">Description and travel.</subfield>
  </datafield>
  <datafield tag="600" ind1="1" ind2="0">
    <subfield code="6">880-05</subfield>
    <subfield code="a">Altŭkova-Draganova, Marii︠a︡na K.</subfield>
    <subfield code="x">Travel</subfield>
    <subfield code="z">China.</subfield>
  </datafield>
  <datafield tag="880" ind1="1" ind2="4">
    <subfield code="6">600-05/(N</subfield>
    <subfield code="a">Алтъкова-Драганова, Марияна К.</subfield>
    <subfield code="x">Travel</subfield>
    <subfield code="z">China.</subfield>
  </datafield>
</record>