
<record>
  <leader>03338cam a22003978i 4500</leader>
  <controlfield tag="001">20908088</controlfield>
  <controlfield tag="005">20200103123912.0</controlfield>
  <controlfield tag="008">190328s2019    nyu      b    001 0 spa  </controlfield>
  <datafield tag="906" ind1=" " ind2=" ">
    <subfield code="a">7</subfield>
    <subfield code="b">cbc</subfield>
    <subfield code="c">orignew</subfield>
    <subfield code="d">1</subfield>
    <subfield code="e">ecip</subfield>
    <subfield code="f">20</subfield>
    <subfield code="g">y-gencatlg</subfield>
  </datafield>
  <datafield tag="925" ind1="0" ind2=" ">
    <subfield code="a">acquire</subfield>
    <subfield code="b">1 shelf copy</subfield>
    <subfield code="x">policy default</subfield>
  </datafield>
  <datafield tag="955" ind1=" " ind2=" ">
    <subfield code="b">bg10 2019-03-28</subfield>
    <subfield code="i">bg10 2019-03-28 to PSD/Class. proposal</subfield>
    <subfield code="e">td14 2020-01-03 class proposal not approved; reclassed; subject headings revised; to Dewey</subfield>
    <subfield code="w">xm06 2020-01-03</subfield>
  </datafield>
  <datafield tag="010" ind1=" " ind2=" ">
    <subfield code="a">  2019005856</subfield>
  </datafield>
  <datafield tag="020" ind1=" " ind2=" ">
    <subfield code="a">9781433153587 (hardcover : alk. paper)</subfield>
  </datafield>
  <datafield tag="020" ind1=" " ind2=" ">
    <subfield code="a">9781433167614 (ebook pdf)</subfield>
  </datafield>
  <datafield tag="020" ind1=" " ind2=" ">
    <subfield code="a">9781433167621 (epub)</subfield>
  </datafield>
  <datafield tag="020" ind1=" " ind2=" ">
    <subfield code="a">9781433167638 (mobi)</subfield>
  </datafield>
  <datafield tag="040" ind1=" " ind2=" ">
    <subfield code="a">DLC</subfield>
    <subfield code="b">eng</subfield>
    <subfield code="e">rda</subfield>
    <subfield code="c">DLC</subfield>
  </datafield>
  <datafield tag="042" ind1=" " ind2=" ">
    <subfield code="a">pcc</subfield>
  </datafield>
  <datafield tag="043" ind1=" " ind2=" ">
    <subfield code="a">e-sp---</subfield>
  </datafield>
  <datafield tag="050" ind1="0" ind2="0">
    <subfield code="a">DP269.8.L5</subfield>
    <subfield code="b">P64 2019</subfield>
  </datafield>
  <datafield tag="082" ind1="0" ind2="0">
    <subfield code="a">809.1/935846081</subfield>
    <subfield code="2">23</subfield>
  </datafield>
  <datafield tag="245" ind1="0" ind2="3">
    <subfield code="a">La poesía de la Guerra Civil Española :</subfield>
    <subfield code="b">una perspectiva comparatista /</subfield>
    <subfield code="c">Pilar Molina Taracena (ed.).</subfield>
  </datafield>
  <datafield tag="263" ind1=" " ind2=" ">
    <subfield code="a">1909</subfield>
  </datafield>
  <datafield tag="264" ind1=" " ind2="1">
    <subfield code="a">New York :</subfield>
    <subfield code="b">Peter Lang,</subfield>
    <subfield code="c">2019.</subfield>
  </datafield>
  <datafield tag="300" ind1=" " ind2=" ">
    <subfield code="a">pages cm</subfield>
  </datafield>
  <datafield tag="336" ind1=" " ind2=" ">
    <subfield code="a">text</subfield>
    <subfield code="b">txt</subfield>
    <subfield code="2">rdacontent</subfield>
  </datafield>
  <datafield tag="337" ind1=" " ind2=" ">
    <subfield code="a">unmediated</subfield>
    <subfield code="b">n</subfield>
    <subfield code="2">rdamedia</subfield>
  </datafield>
  <datafield tag="338" ind1=" " ind2=" ">
    <subfield code="a">volume</subfield>
    <subfield code="b">nc</subfield>
    <subfield code="2">rdacarrier</subfield>
  </datafield>
  <datafield tag="504" ind1=" " ind2=" ">
    <subfield code="a">Includes bibliographical references and index.</subfield>
  </datafield>
  <datafield tag="505" ind1="0" ind2=" ">
    <subfield code="a">Poesía catalana sobre la guerra civil española / Jordi Juliá Garriga -- Paisajes con puente: Escenarios de la guerra civil en Euskadi / Lourdes Otaegi -- Un aire de pombas mortas: poesía de la guerra civil en el espacio literario gallego / Isaac Lourido -- Odas a Franco y Salazar: Poesía y propaganda en la prensa portuguesa durante la guerra civil española / Alberto Pena-Rodríguez -- La poesía de la guerra de España (36-39) en lengua francesa / Serge Salaün -- Poetas en guerra, poemas en deuda: analogías textuales entre Aleixandre, Neruda y Tzara a propósito de los bombardeos sobre España / Miguel Ángel Feria Vázquez --  Miradas desde dentro y fuera: el debate estético-ideológico en la poesía de autores de la &quot;izquierda&quot; española e internacional / Johanna Vollmeyer -- La guerra del uno, la guerra del otro, la guerra de todos: La guerra civil española en la poesía de Arendt, Alberti, Brecht y Hernández / Florian Lützelberger -- Una cuestión de espacio: promesas de liberación y utopía en la poesía yidis e hispana de la guerra civil española / Cynthia Gabbay -- El Poema de la Bestia y el Ángel y Flowering Rifle: dos dimensiones de la creación poética franquista / Juan De Urda -- Even the olives are bleeding: los voluntarios anglófonos y la guerra civil española / Natacha Crocoll -- De himno y elegía: La guerra de Gabriela Mistral y Mientras los hombres mueren de Carmen Conde / Vilma Navarro-Daniels -- La imagen de España como madre / Pilar Molina Taracena -- Pájaros negros: Los bombardeos de la aviación fascista sobre Madrid en la poesía española y extranjera de la guerra civil / Clara Marías y Sergio Santiago.</subfield>
  </datafield>
  <datafield tag="651" ind1=" " ind2="0">
    <subfield code="a">Spain</subfield>
    <subfield code="x">History</subfield>
    <subfield code="y">Civil War, 1936-1939</subfield>
    <subfield code="x">Literature and the war.</subfield>
  </datafield>
  <datafield tag="650" ind1=" " ind2="0">
    <subfield code="a">Spanish poetry</subfield>
    <subfield code="y">20th century</subfield>
    <subfield code="x">History and criticism.</subfield>
  </datafield>
  <datafield tag="650" ind1=" " ind2="0">
    <subfield code="a">Comparative literature</subfield>
    <subfield code="x">Spanish and European.</subfield>
  </datafield>
  <datafield tag="650" ind1=" " ind2="0">
    <subfield code="a">Comparative literature</subfield>
    <subfield code="x">European and Spanish.</subfield>
  </datafield>
  <datafield tag="700" ind1="1" ind2=" ">
    <subfield code="a">Molina Taracena, Pilar,</subfield>
    <subfield code="d">1975-</subfield>
    <subfield code="e">editor.</subfield>
  </datafield>
  <datafield tag="963" ind1=" " ind2=" ">
    <subfield code="a">Jackie Pavlovic; phone: 212-647-7700-3003; email: jpavlovic@plang.com; bc: jpavlovic@plang.com</subfield>
  </datafield>
</record>