
<record>
  <leader>03542cam a2200397 i 4500</leader>
  <controlfield tag="001">20913853</controlfield>
  <controlfield tag="005">20200103095233.0</controlfield>
  <controlfield tag="008">190401s2019    ncua     b    001 0 eng c</controlfield>
  <datafield tag="906" ind1=" " ind2=" ">
    <subfield code="a">7</subfield>
    <subfield code="b">cbc</subfield>
    <subfield code="c">orignew</subfield>
    <subfield code="d">1</subfield>
    <subfield code="e">ecip</subfield>
    <subfield code="f">20</subfield>
    <subfield code="g">y-gencatlg</subfield>
  </datafield>
  <datafield tag="925" ind1="0" ind2=" ">
    <subfield code="a">acquire</subfield>
    <subfield code="b">1 shelf copy</subfield>
    <subfield code="x">policy default</subfield>
  </datafield>
  <datafield tag="955" ind1=" " ind2=" ">
    <subfield code="a">NcD</subfield>
    <subfield code="w">xb07 2019-04-10</subfield>
    <subfield code="a">xn11 2019-12-19 1 copy rec&apos;d., to CIP ver.</subfield>
    <subfield code="f">re24 2020-01-03 to CALM</subfield>
  </datafield>
  <datafield tag="010" ind1=" " ind2=" ">
    <subfield code="a">  2019010888</subfield>
  </datafield>
  <datafield tag="020" ind1=" " ind2=" ">
    <subfield code="a">9781478005025 (hardcover ; alk. paper)</subfield>
  </datafield>
  <datafield tag="020" ind1=" " ind2=" ">
    <subfield code="a">9781478005650 (pbk. ; alk. paper)</subfield>
  </datafield>
  <datafield tag="040" ind1=" " ind2=" ">
    <subfield code="a">NcD/DLC</subfield>
    <subfield code="b">eng</subfield>
    <subfield code="c">NcD</subfield>
    <subfield code="e">rda</subfield>
    <subfield code="d">DLC</subfield>
  </datafield>
  <datafield tag="042" ind1=" " ind2=" ">
    <subfield code="a">pcc</subfield>
  </datafield>
  <datafield tag="043" ind1=" " ind2=" ">
    <subfield code="a">pops---</subfield>
  </datafield>
  <datafield tag="050" ind1="0" ind2="0">
    <subfield code="a">GN670</subfield>
    <subfield code="b">.A785 2019</subfield>
  </datafield>
  <datafield tag="082" ind1="0" ind2="0">
    <subfield code="a">305.8969/4</subfield>
    <subfield code="2">23</subfield>
  </datafield>
  <datafield tag="100" ind1="1" ind2=" ">
    <subfield code="a">Arvin, Maile,</subfield>
    <subfield code="d">1983-</subfield>
    <subfield code="e">author.</subfield>
  </datafield>
  <datafield tag="245" ind1="1" ind2="0">
    <subfield code="a">Possessing Polynesians :</subfield>
    <subfield code="b">the science of settler colonial whiteness in Hawai&apos;i and Oceania /</subfield>
    <subfield code="c">Maile Arvin.</subfield>
  </datafield>
  <datafield tag="264" ind1=" " ind2="1">
    <subfield code="a">Durham :</subfield>
    <subfield code="b">Duke University Press,</subfield>
    <subfield code="c">2019.</subfield>
  </datafield>
  <datafield tag="300" ind1=" " ind2=" ">
    <subfield code="a">xi, 313 pages :</subfield>
    <subfield code="b">illustrations ;</subfield>
    <subfield code="c">26 cm.</subfield>
  </datafield>
  <datafield tag="336" ind1=" " ind2=" ">
    <subfield code="a">text</subfield>
    <subfield code="2">rdacontent</subfield>
  </datafield>
  <datafield tag="337" ind1=" " ind2=" ">
    <subfield code="a">unmediated</subfield>
    <subfield code="2">rdamedia</subfield>
  </datafield>
  <datafield tag="338" ind1=" " ind2=" ">
    <subfield code="a">volume</subfield>
    <subfield code="2">rdacarrier</subfield>
  </datafield>
  <datafield tag="504" ind1=" " ind2=" ">
    <subfield code="a">Includes bibliographical references (pages [279]-300) and index.</subfield>
  </datafield>
  <datafield tag="505" ind1="0" ind2=" ">
    <subfield code="a">Introduction: Polynesia is a project, not a place -- The Polynesian problem: scientific production of the &apos;almost white&apos; Polynesian race -- Heirlooms of the Aryan race: nineteenth-century studies of Polynesian origins -- Conditionally Caucasian: Polynesian racial classification in early twentieth-century eugenics and physical anthropology -- Hating Hawaiians, celebrating hybrid Hawaiian girls: sociology and the fictions of racial mixture -- Regenerative refusals: confronting contemporary legacies of the Polynesian problem in Hawaii and Oceania -- Still in the blood: blood quantum and self-determination in Day V. Apoliona and federal recognition -- The value of Polynesian dna: genomic solutions to the Polynesian problem -- Regenerating indigeneity: challenging possessive whiteness in contemporary Pacific art -- Conclusion. Regenerating an Oceanic future in indigenous space-time.</subfield>
  </datafield>
  <datafield tag="520" ind1=" " ind2=" ">
    <subfield code="a">&quot;From their earliest encounters with indigenous Pacific Islanders, white Europeans and Americans asserted an identification with the racial origins of Polynesians, declaring them to be, racially, almost white and speculating that they were of Mediterranean or Aryan descent. In Possessing Polynesians Maile Arvin analyzes this racializing history within the context of settler colonialism across Polynesia, especially in Hawai&apos;i. Arvin argues that a logic of possession through whiteness animates settler colonialism, through which both Polynesia (the place) and Polynesians (the people) become exotic, feminized belongings of whiteness. Seeing whiteness as indigenous to Polynesia provided white settlers with the justification needed to claim Polynesian lands and resources. Understood as possessions, Polynesians were and continue to be denied the privileges of whiteness. Yet, Polynesians have long contested these classifications, claims, and cultural representations, and Arvin shows how their resistance to and refusal of white settler logic have regenerated Indigenous forms of recognition.&quot; -- Provided by publisher.</subfield>
  </datafield>
  <datafield tag="650" ind1=" " ind2="0">
    <subfield code="a">Ethnology</subfield>
    <subfield code="z">Polynesia.</subfield>
  </datafield>
  <datafield tag="650" ind1=" " ind2="0">
    <subfield code="a">Polynesians</subfield>
    <subfield code="x">Origin.</subfield>
  </datafield>
  <datafield tag="650" ind1=" " ind2="0">
    <subfield code="a">Polynesians</subfield>
    <subfield code="x">Race identity.</subfield>
  </datafield>
  <datafield tag="651" ind1=" " ind2="0">
    <subfield code="a">Polynesia</subfield>
    <subfield code="x">Colonization.</subfield>
  </datafield>
  <datafield tag="776" ind1="0" ind2="8">
    <subfield code="i">Online version:</subfield>
    <subfield code="a">Arvin, Maile, 1983- author.</subfield>
    <subfield code="t">Possessing Polynesians</subfield>
    <subfield code="d">Durham : Duke University Press, 2019</subfield>
    <subfield code="z">9781478006336</subfield>
    <subfield code="w">(DLC) 2019017584</subfield>
  </datafield>
  <datafield tag="985" ind1=" " ind2=" ">
    <subfield code="a">NcDCIP</subfield>
    <subfield code="d">2019-04-02</subfield>
  </datafield>
  <datafield tag="985" ind1=" " ind2=" ">
    <subfield code="c">BibFrame Pilot</subfield>
    <subfield code="e">20200103</subfield>
  </datafield>
</record>