
<record>
  <leader>02355cam a2200409 i 4500</leader>
  <controlfield tag="001">20917090</controlfield>
  <controlfield tag="005">20200103164411.0</controlfield>
  <controlfield tag="008">190404s2012    ru       b    000 0 rus  </controlfield>
  <datafield tag="906" ind1=" " ind2=" ">
    <subfield code="a">7</subfield>
    <subfield code="b">cbc</subfield>
    <subfield code="c">orignew</subfield>
    <subfield code="d">3</subfield>
    <subfield code="e">ncip</subfield>
    <subfield code="f">20</subfield>
    <subfield code="g">y-nonroman</subfield>
  </datafield>
  <datafield tag="925" ind1="0" ind2=" ">
    <subfield code="a">acquire</subfield>
    <subfield code="b">1 shelf copy</subfield>
    <subfield code="x">policy default</subfield>
  </datafield>
  <datafield tag="955" ind1=" " ind2=" ">
    <subfield code="b">fe22 2019-04-04 to cat.</subfield>
    <subfield code="a">fe00 2019-04-04 to GS/RUS</subfield>
    <subfield code="r">fe21 2019-04-05</subfield>
    <subfield code="i">fe11 2020-01-03  to BCCD</subfield>
  </datafield>
  <datafield tag="010" ind1=" " ind2=" ">
    <subfield code="a">  2019367655</subfield>
  </datafield>
  <datafield tag="020" ind1=" " ind2=" ">
    <subfield code="a">9785397024662 (pbk.)</subfield>
  </datafield>
  <datafield tag="040" ind1=" " ind2=" ">
    <subfield code="a">DLC</subfield>
    <subfield code="b">eng</subfield>
    <subfield code="e">rda</subfield>
    <subfield code="c">DLC</subfield>
  </datafield>
  <datafield tag="041" ind1=" " ind2=" ">
    <subfield code="a">rus</subfield>
    <subfield code="h">fre</subfield>
  </datafield>
  <datafield tag="042" ind1=" " ind2=" ">
    <subfield code="a">pcc</subfield>
  </datafield>
  <datafield tag="050" ind1="0" ind2="0">
    <subfield code="a">D16</subfield>
    <subfield code="b">.A72417 2012</subfield>
  </datafield>
  <datafield tag="066" ind1=" " ind2=" ">
    <subfield code="c">(N</subfield>
  </datafield>
  <datafield tag="100" ind1="1" ind2=" ">
    <subfield code="a">Aron, Raymond,</subfield>
    <subfield code="d">1905-1983</subfield>
    <subfield code="e">author.</subfield>
  </datafield>
  <datafield tag="240" ind1="1" ind2="0">
    <subfield code="a">Leçons sur l&apos;histoire : Cours du Collège de France.</subfield>
    <subfield code="l">Russian</subfield>
  </datafield>
  <datafield tag="245" ind1="1" ind2="0">
    <subfield code="6">880-01</subfield>
    <subfield code="a">Lekt︠s︡ii po filosofii istorii :</subfield>
    <subfield code="b">Kurs lekt︠s︡iĭ v Kollezh de Frans /</subfield>
    <subfield code="c">R. Aron ; Perevod s frant︠s︡uzskogo I.A. Gobozova ; Otvetstvennyĭ redaktor i avtor posleslovii︠a︡ I.A. Gobozov = Leçons sur l&apos;histoire : Cours du Collège de France / Raymond Aron.</subfield>
  </datafield>
  <datafield tag="880" ind1="1" ind2="0">
    <subfield code="6">245-01/(N</subfield>
    <subfield code="a">Лекции по философии истории :</subfield>
    <subfield code="b">Курс лекций в Коллеж де Франс /</subfield>
    <subfield code="c">Р. Арон ; Перевод с французского И.А. Гобозова ; Ответственный редактор и автор послесловия И.А. Гобозов = Leçons sur l&apos;histoire : Cours du Collège de France / Paймонд Aрон.</subfield>
  </datafield>
  <datafield tag="246" ind1="3" ind2="1">
    <subfield code="a">Leçons sur l&apos;histoire :</subfield>
    <subfield code="b">Cours du Collège de France</subfield>
  </datafield>
  <datafield tag="250" ind1=" " ind2=" ">
    <subfield code="6">880-02</subfield>
    <subfield code="a">Izdanie tretʹe.</subfield>
  </datafield>
  <datafield tag="880" ind1=" " ind2=" ">
    <subfield code="6">250-02/(N</subfield>
    <subfield code="a">Издание третье.</subfield>
  </datafield>
  <datafield tag="264" ind1=" " ind2="1">
    <subfield code="6">880-03</subfield>
    <subfield code="a">Moskva :</subfield>
    <subfield code="b">URSS :</subfield>
    <subfield code="b">Knizhnyĭ dom &quot;Librokom&quot;,</subfield>
    <subfield code="c">2012.</subfield>
  </datafield>
  <datafield tag="880" ind1=" " ind2="1">
    <subfield code="6">264-03/(N</subfield>
    <subfield code="a">Москва :</subfield>
    <subfield code="b">URSS :</subfield>
    <subfield code="b">Книжный дом &quot;Либроком&quot;,</subfield>
    <subfield code="c">2012.</subfield>
  </datafield>
  <datafield tag="300" ind1=" " ind2=" ">
    <subfield code="a">333 pages ;</subfield>
    <subfield code="c">22 cm.</subfield>
  </datafield>
  <datafield tag="336" ind1=" " ind2=" ">
    <subfield code="a">text</subfield>
    <subfield code="b">txt</subfield>
    <subfield code="2">rdacontent</subfield>
  </datafield>
  <datafield tag="337" ind1=" " ind2=" ">
    <subfield code="a">unmediated</subfield>
    <subfield code="b">n</subfield>
    <subfield code="2">rdamedia</subfield>
  </datafield>
  <datafield tag="338" ind1=" " ind2=" ">
    <subfield code="a">volume</subfield>
    <subfield code="b">nc</subfield>
    <subfield code="2">rdacarrier</subfield>
  </datafield>
  <datafield tag="490" ind1="0" ind2=" ">
    <subfield code="6">880-04</subfield>
    <subfield code="a">Iz nasledii︠a︡ mirovoĭ filosofskoĭ mysli : sot︠s︡ialʹnai︠a︡ filosofii︠a︡</subfield>
  </datafield>
  <datafield tag="880" ind1="0" ind2=" ">
    <subfield code="6">490-04/(N</subfield>
    <subfield code="a">Из наследия мировой философской мысли : социальная философия</subfield>
  </datafield>
  <datafield tag="504" ind1=" " ind2=" ">
    <subfield code="a">Includes bibliographical references.</subfield>
  </datafield>
  <datafield tag="650" ind1=" " ind2="0">
    <subfield code="a">History</subfield>
    <subfield code="x">Philosophy.</subfield>
  </datafield>
  <datafield tag="700" ind1="1" ind2=" ">
    <subfield code="a">Gobozov, I. A.,</subfield>
    <subfield code="e">translator</subfield>
    <subfield code="e">editor.</subfield>
  </datafield>
  <datafield tag="923" ind1=" " ind2=" ">
    <subfield code="d">exchange Rus Acad of Sci (BAN)</subfield>
    <subfield code="s">93000602</subfield>
  </datafield>
</record>
</collection>
